Poker Hand #RC94536158: Hold'em No Limit ($0.1/$0.25) - 2020/04/06 13:20:22
Table 'RushAndCash282629' 6-max Seat #1 is the button
Seat 1: 9e9f192c ($25.68 in chips)
Seat 2: 7c703a7d ($25.9 in chips)
Seat 3: Hero ($25 in chips)
Seat 4: fbd60e32 ($25 in chips)
Seat 5: 91477357 ($22.5 in chips)
Seat 6: 9a91b176 ($22.75 in chips)
7c703a7d: posts small blind $0.1
Hero: posts big blind $0.25
*** HOLE CARDS ***
Dealt to 9e9f192c 
Dealt to 7c703a7d 
Dealt to Hero [Tc 8s]
Dealt to fbd60e32 
Dealt to 91477357 
Dealt to 9a91b176 
fbd60e32: folds
91477357: folds
9a91b176: folds
9e9f192c: folds
7c703a7d: folds
Uncalled bet ($0.15) returned to Hero
*** SHOWDOWN ***
Hero collected $0.2 from pot
*** SUMMARY ***
Total pot $0.2
Seat 1: 9e9f192c (button) folded before Flop (didn't bet)
Seat 2: 7c703a7d (small blind) folded before Flop
Seat 3: Hero (big blind) collected ($0.2)
Seat 4: fbd60e32 folded before Flop (didn't bet)
Seat 5: 91477357 folded before Flop (didn't bet)
Seat 6: 9a91b176 folded before Flop (didn't bet)


Poker Hand #RC94536234: Hold'em No Limit ($0.1/$0.25) - 2020/04/06 13:20:33
Table 'RushAndCash282640' 6-max Seat #1 is the button
Seat 1: 22c577dc ($25.25 in chips)
Seat 2: Hero ($25.1 in chips)
Seat 3: 7ba0020c ($39.87 in chips)
Seat 4: fb8c8f ($26.95 in chips)
Seat 5: 88faa93 ($29.26 in chips)
Seat 6: d5e75ec5 ($41.31 in chips)
Hero: posts small blind $0.1
7ba0020c: posts big blind $0.25
*** HOLE CARDS ***
Dealt to 22c577dc 
Dealt to Hero [Jc 7d]
Dealt to 7ba0020c 
Dealt to fb8c8f 
Dealt to 88faa93 
Dealt to d5e75ec5 
fb8c8f: raises $0.5 to $0.75
88faa93: calls $0.75
d5e75ec5: folds
22c577dc: folds
Hero: folds
7ba0020c: folds
*** FLOP *** [Qd 3h Ad]
fb8c8f: checks
88faa93: bets $1.9
fb8c8f: folds
Uncalled bet ($1.9) returned to 88faa93
*** SHOWDOWN ***
88faa93 collected $1.85 from pot
*** SUMMARY ***
Total pot $1.85
Board [Qd 3h Ad]
Seat 1: 22c577dc (button) folded before Flop (didn't bet)
Seat 2: Hero (small blind) folded before Flop
Seat 3: 7ba0020c (big blind) folded before Flop
Seat 4: fb8c8f folded on the Flop
Seat 5: 88faa93 won ($1.85)
Seat 6: d5e75ec5 folded before Flop (didn't bet)


Poker Hand #RC94536257: Hold'em No Limit ($0.1/$0.25) - 2020/04/06 13:20:37
Table 'RushAndCash282643' 6-max Seat #1 is the button
Seat 1: Hero ($25 in chips)
Seat 2: a5bad33e ($25 in chips)
Seat 3: 12b5ab07 ($78.64 in chips)
Seat 4: 7982d090 ($26.31 in chips)
Seat 5: d48fc9ab ($69.64 in chips)
Seat 6: 91477357 ($22.5 in chips)
a5bad33e: posts small blind $0.1
12b5ab07: posts big blind $0.25
*** HOLE CARDS ***
Dealt to Hero [Ad 8d]
Dealt to a5bad33e 
Dealt to 12b5ab07 
Dealt to 7982d090 
Dealt to d48fc9ab 
Dealt to 91477357 
7982d090: folds
d48fc9ab: folds
91477357: folds
Hero: raises $0.38 to $0.63
a5bad33e: folds
12b5ab07: folds
Uncalled bet ($0.38) returned to Hero
*** SHOWDOWN ***
Hero collected $0.6 from pot
*** SUMMARY ***
Total pot $0.6
Seat 1: Hero (button) collected ($0.6)
Seat 2: a5bad33e (small blind) folded before Flop
Seat 3: 12b5ab07 (big blind) folded before Flop
Seat 4: 7982d090 folded before Flop (didn't bet)
Seat 5: d48fc9ab folded before Flop (didn't bet)
Seat 6: 91477357 folded before Flop (didn't bet)


Poker Hand #RC94536362: Hold'em No Limit ($0.1/$0.25) - 2020/04/06 13:20:53
Table 'RushAndCash282660' 6-max Seat #1 is the button
Seat 1: bf676a87 ($25 in chips)
Seat 2: 95139f48 ($30.68 in chips)
Seat 3: bd54f13c ($70.01 in chips)
Seat 4: e88ccac2 ($7.48 in chips)
Seat 5: c0147c0d ($16.12 in chips)
Seat 6: Hero ($25.35 in chips)
95139f48: posts small blind $0.1
bd54f13c: posts big blind $0.25
*** HOLE CARDS ***
Dealt to bf676a87 
Dealt to 95139f48 
Dealt to bd54f13c 
Dealt to e88ccac2 
Dealt to c0147c0d 
Dealt to Hero [Js 9d]
e88ccac2: folds
c0147c0d: folds
Hero: folds
bf676a87: folds
95139f48: folds
Uncalled bet ($0.15) returned to bd54f13c
*** SHOWDOWN ***
bd54f13c collected $0.2 from pot
*** SUMMARY ***
Total pot $0.2
Seat 1: bf676a87 (button) folded before Flop (didn't bet)
Seat 2: 95139f48 (small blind) folded before Flop
Seat 3: bd54f13c (big blind) collected ($0.2)
Seat 4: e88ccac2 folded before Flop (didn't bet)
Seat 5: c0147c0d folded before Flop (didn't bet)
Seat 6: Hero folded before Flop (didn't bet)


Poker Hand #RC94536384: Hold'em No Limit ($0.1/$0.25) - 2020/04/06 13:20:56
Table 'RushAndCash282664' 6-max Seat #1 is the button
Seat 1: a5bad33e ($25 in chips)
Seat 2: 19e0bdce ($14.16 in chips)
Seat 3: 5a99f9d9 ($49.45 in chips)
Seat 4: 139e6b8 ($27.69 in chips)
Seat 5: f48db0a1 ($10 in chips)
Seat 6: Hero ($25.35 in chips)
19e0bdce: posts small blind $0.1
5a99f9d9: posts big blind $0.25
*** HOLE CARDS ***
Dealt to a5bad33e 
Dealt to 19e0bdce 
Dealt to 5a99f9d9 
Dealt to 139e6b8 
Dealt to f48db0a1 
Dealt to Hero [6c 5h]
139e6b8: folds
f48db0a1: raises $0.25 to $0.5
Hero: folds
a5bad33e: folds
19e0bdce: folds
5a99f9d9: folds
Uncalled bet ($0.25) returned to f48db0a1
*** SHOWDOWN ***
f48db0a1 collected $0.6 from pot
*** SUMMARY ***
Total pot $0.6
Seat 1: a5bad33e (button) folded before Flop (didn't bet)
Seat 2: 19e0bdce (small blind) folded before Flop
Seat 3: 5a99f9d9 (big blind) folded before Flop
Seat 4: 139e6b8 folded before Flop (didn't bet)
Seat 5: f48db0a1 collected ($0.6)
Seat 6: Hero folded before Flop (didn't bet)


Poker Hand #RC94536404: Hold'em No Limit ($0.1/$0.25) - 2020/04/06 13:20:58
Table 'RushAndCash282668' 6-max Seat #1 is the button
Seat 1: 69099da9 ($45.09 in chips)
Seat 2: e88ccac2 ($7.48 in chips)
Seat 3: 7c703a7d ($25.55 in chips)
Seat 4: bf676a87 ($25 in chips)
Seat 5: e85e006 ($30.34 in chips)
Seat 6: Hero ($25.35 in chips)
e88ccac2: posts small blind $0.1
7c703a7d: posts big blind $0.25
*** HOLE CARDS ***
Dealt to 69099da9 
Dealt to e88ccac2 
Dealt to 7c703a7d 
Dealt to bf676a87 
Dealt to e85e006 
Dealt to Hero [Td 5h]
bf676a87: folds
e85e006: folds
Hero: folds
69099da9: folds
e88ccac2: folds
Uncalled bet ($0.15) returned to 7c703a7d
*** SHOWDOWN ***
7c703a7d collected $0.2 from pot
*** SUMMARY ***
Total pot $0.2
Seat 1: 69099da9 (button) folded before Flop (didn't bet)
Seat 2: e88ccac2 (small blind) folded before Flop
Seat 3: 7c703a7d (big blind) collected ($0.2)
Seat 4: bf676a87 folded before Flop (didn't bet)
Seat 5: e85e006 folded before Flop (didn't bet)
Seat 6: Hero folded before Flop (didn't bet)


Poker Hand #RC94536424: Hold'em No Limit ($0.1/$0.25) - 2020/04/06 13:21:01
Table 'RushAndCash282671' 6-max Seat #1 is the button
Seat 1: 9a91b176 ($22.4 in chips)
Seat 2: a3220464 ($55.71 in chips)
Seat 3: fbd60e32 ($25.7 in chips)
Seat 4: 763ed62e ($25 in chips)
Seat 5: Hero ($25.35 in chips)
Seat 6: 88faa93 ($30.27 in chips)
a3220464: posts small blind $0.1
fbd60e32: posts big blind $0.25
*** HOLE CARDS ***
Dealt to 9a91b176 
Dealt to a3220464 
Dealt to fbd60e32 
Dealt to 763ed62e 
Dealt to Hero [Qd 9s]
Dealt to 88faa93 
763ed62e: folds
Hero: folds
88faa93: folds
9a91b176: folds
a3220464: folds
Uncalled bet ($0.15) returned to fbd60e32
*** SHOWDOWN ***
fbd60e32 collected $0.2 from pot
*** SUMMARY ***
Total pot $0.2
Seat 1: 9a91b176 (button) folded before Flop (didn't bet)
Seat 2: a3220464 (small blind) folded before Flop
Seat 3: fbd60e32 (big blind) collected ($0.2)
Seat 4: 763ed62e folded before Flop (didn't bet)
Seat 5: Hero folded before Flop (didn't bet)
Seat 6: 88faa93 folded before Flop (didn't bet)


Poker Hand #RC94536455: Hold'em No Limit ($0.1/$0.25) - 2020/04/06 13:21:05
Table 'RushAndCash282676' 6-max Seat #1 is the button
Seat 1: 7982d090 ($26.31 in chips)
Seat 2: dfa0e362 ($26.26 in chips)
Seat 3: Hero ($25.35 in chips)
Seat 4: a3220464 ($55.61 in chips)
Seat 5: 763ed62e ($25 in chips)
Seat 6: 9a91b176 ($22.4 in chips)
dfa0e362: posts small blind $0.1
Hero: posts big blind $0.25
*** HOLE CARDS ***
Dealt to 7982d090 
Dealt to dfa0e362 
Dealt to Hero [8h 4c]
Dealt to a3220464 
Dealt to 763ed62e 
Dealt to 9a91b176 
a3220464: raises $0.38 to $0.63
763ed62e: folds
9a91b176: folds
7982d090: folds
dfa0e362: folds
Hero: folds
Uncalled bet ($0.38) returned to a3220464
*** SHOWDOWN ***
a3220464 collected $0.6 from pot
*** SUMMARY ***
Total pot $0.6
Seat 1: 7982d090 (button) folded before Flop (didn't bet)
Seat 2: dfa0e362 (small blind) folded before Flop
Seat 3: Hero (big blind) folded before Flop
Seat 4: a3220464 collected ($0.6)
Seat 5: 763ed62e folded before Flop (didn't bet)
Seat 6: 9a91b176 folded before Flop (didn't bet)


Poker Hand #RC94536481: Hold'em No Limit ($0.1/$0.25) - 2020/04/06 13:21:09
Table 'RushAndCash282681' 6-max Seat #1 is the button
Seat 1: 978cb1bc ($25.38 in chips)
Seat 2: Hero ($25.1 in chips)
Seat 3: c0147c0d ($16.12 in chips)
Seat 4: 69099da9 ($45.09 in chips)
Seat 5: 763ed62e ($25 in chips)
Seat 6: fbd60e32 ($25.35 in chips)
Hero: posts small blind $0.1
c0147c0d: posts big blind $0.25
*** HOLE CARDS ***
Dealt to 978cb1bc 
Dealt to Hero [Ad Td]
Dealt to c0147c0d 
Dealt to 69099da9 
Dealt to 763ed62e 
Dealt to fbd60e32 
69099da9: folds
763ed62e: folds
fbd60e32: folds
978cb1bc: folds
Hero: raises $0.5 to $0.75
c0147c0d: calls $0.5
*** FLOP *** [7c 4d 5h]
Hero: bets $1.2
c0147c0d: raises $3 to $4.2
Hero: folds
Uncalled bet ($3) returned to c0147c0d
*** SHOWDOWN ***
c0147c0d collected $3.9 from pot
*** SUMMARY ***
Total pot $3.9
Board [7c 4d 5h]
Seat 1: 978cb1bc (button) folded before Flop (didn't bet)
Seat 2: Hero (small blind) folded on the Flop
Seat 3: c0147c0d (big blind) won ($3.9)
Seat 4: 69099da9 folded before Flop (didn't bet)
Seat 5: 763ed62e folded before Flop (didn't bet)
Seat 6: fbd60e32 folded before Flop (didn't bet)


Poker Hand #RC94536671: Hold'em No Limit ($0.1/$0.25) - 2020/04/06 13:21:37
Table 'RushAndCash282707' 6-max Seat #1 is the button
Seat 1: Hero ($25 in chips)
Seat 2: c0147c0d ($17.88 in chips)
Seat 3: 1a6469a0 ($25 in chips)
Seat 4: e93dcd01 ($25 in chips)
Seat 5: 72b3aa9c ($48.73 in chips)
Seat 6: bd21d4de ($25.17 in chips)
c0147c0d: posts small blind $0.1
1a6469a0: posts big blind $0.25
*** HOLE CARDS ***
Dealt to Hero [Th 6d]
Dealt to c0147c0d 
Dealt to 1a6469a0 
Dealt to e93dcd01 
Dealt to 72b3aa9c 
Dealt to bd21d4de 
e93dcd01: folds
72b3aa9c: folds
bd21d4de: folds
Hero: folds
c0147c0d: raises $0.5 to $0.75
1a6469a0: calls $0.5
*** FLOP *** [3h Qs 2s]
c0147c0d: bets $0.8
1a6469a0: folds
Uncalled bet ($0.8) returned to c0147c0d
*** SHOWDOWN ***
c0147c0d collected $1.5 from pot
*** SUMMARY ***
Total pot $1.5
Board [3h Qs 2s]
Seat 1: Hero (button) folded before Flop (didn't bet)
Seat 2: c0147c0d (small blind) won ($1.5)
Seat 3: 1a6469a0 (big blind) folded on the Flop
Seat 4: e93dcd01 folded before Flop (didn't bet)
Seat 5: 72b3aa9c folded before Flop (didn't bet)
Seat 6: bd21d4de folded before Flop (didn't bet)


Poker Hand #RC94536703: Hold'em No Limit ($0.1/$0.25) - 2020/04/06 13:21:42
Table 'RushAndCash282710' 6-max Seat #1 is the button
Seat 1: e214afde ($43.54 in chips)
Seat 2: bd21d4de ($25.17 in chips)
Seat 3: 19e0bdce ($14.06 in chips)
Seat 4: Hero ($25 in chips)
Seat 5: db0baf83 ($11.9 in chips)
Seat 6: 2e1a1d21 ($18.51 in chips)
bd21d4de: posts small blind $0.1
19e0bdce: posts big blind $0.25
*** HOLE CARDS ***
Dealt to e214afde 
Dealt to bd21d4de 
Dealt to 19e0bdce 
Dealt to Hero [Qh 7h]
Dealt to db0baf83 
Dealt to 2e1a1d21 
Hero: folds
db0baf83: calls $0.25
2e1a1d21: folds
e214afde: folds
bd21d4de: folds
19e0bdce: raises $0.35 to $0.6
db0baf83: calls $0.35
*** FLOP *** [7c Qd Qs]
19e0bdce: checks
db0baf83: checks
*** TURN *** [7c Qd Qs] [Th]
19e0bdce: bets $1
db0baf83: calls $1
*** RIVER *** [7c Qd Qs Th] [2d]
19e0bdce: checks
db0baf83: checks
19e0bdce: shows [Jc Kd] (Pair of Queens)
db0baf83: shows [6s 8s] (Pair of Queens)
*** SHOWDOWN ***
19e0bdce collected $3.3 from pot
*** SUMMARY ***
Total pot $3.3
Board [7c Qd Qs Th 2d]
Seat 1: e214afde (button) folded before Flop (didn't bet)
Seat 2: bd21d4de (small blind) folded before Flop
Seat 3: 19e0bdce (big blind) showed [Kd Jc] and won ($3.3) with Pair of Queens
Seat 4: Hero folded before Flop (didn't bet)
Seat 5: db0baf83 showed [8s 6s] and lost with Pair of Queens
Seat 6: 2e1a1d21 folded before Flop (didn't bet)


Poker Hand #RC94536719: Hold'em No Limit ($0.1/$0.25) - 2020/04/06 13:21:45
Table 'RushAndCash282712' 6-max Seat #1 is the button
Seat 1: f0bd307b ($25 in chips)
Seat 2: e08b812a ($27.64 in chips)
Seat 3: 2d9ec94f ($25 in chips)
Seat 4: Hero ($25 in chips)
Seat 5: bd54f13c ($69.76 in chips)
Seat 6: d48fc9ab ($69.99 in chips)
e08b812a: posts small blind $0.1
2d9ec94f: posts big blind $0.25
*** HOLE CARDS ***
Dealt to f0bd307b 
Dealt to e08b812a 
Dealt to 2d9ec94f 
Dealt to Hero [Ah 4s]
Dealt to bd54f13c 
Dealt to d48fc9ab 
Hero: folds
bd54f13c: folds
d48fc9ab: folds
f0bd307b: raises $0.38 to $0.63
e08b812a: folds
2d9ec94f: calls $0.38
*** FLOP *** [7c 3c Kh]
2d9ec94f: checks
f0bd307b: bets $1
2d9ec94f: calls $1
*** TURN *** [7c 3c Kh] [5s]
2d9ec94f: checks
f0bd307b: bets $2.6
2d9ec94f: calls $2.6
*** RIVER *** [7c 3c Kh 5s] [Ac]
2d9ec94f: checks
f0bd307b: checks
2d9ec94f: shows [Ts Kd] (Pair of Kings)
f0bd307b: shows [Ad Kc] (Pair of Aces and Pair of Kings)
*** SHOWDOWN ***
f0bd307b collected $8.56 from pot
*** SUMMARY ***
Total pot $8.56
Board [7c 3c Kh 5s Ac]
Seat 1: f0bd307b (button) showed [Ad Kc] and won ($8.56) with Pair of Aces and Pair of Kings
Seat 2: e08b812a (small blind) folded before Flop
Seat 3: 2d9ec94f (big blind) showed [Kd Ts] and lost with Pair of Kings
Seat 4: Hero folded before Flop (didn't bet)
Seat 5: bd54f13c folded before Flop (didn't bet)
Seat 6: d48fc9ab folded before Flop (didn't bet)


Poker Hand #RC94536749: Hold'em No Limit ($0.1/$0.25) - 2020/04/06 13:21:50
Table 'RushAndCash282715' 6-max Seat #1 is the button
Seat 1: 7bc46ec9 ($32.01 in chips)
Seat 2: e85e006 ($30.44 in chips)
Seat 3: bf676a87 ($25 in chips)
Seat 4: 69099da9 ($44.49 in chips)
Seat 5: Hero ($25 in chips)
Seat 6: a5bad33e ($25 in chips)
e85e006: posts small blind $0.1
bf676a87: posts big blind $0.25
*** HOLE CARDS ***
Dealt to 7bc46ec9 
Dealt to e85e006 
Dealt to bf676a87 
Dealt to 69099da9 
Dealt to Hero [Qh 6h]
Dealt to a5bad33e 
69099da9: raises $0.38 to $0.63
Hero: folds
a5bad33e: folds
7bc46ec9: raises $1.37 to $2
e85e006: folds
bf676a87: folds
69099da9: folds
Uncalled bet ($1.37) returned to 7bc46ec9
*** SHOWDOWN ***
7bc46ec9 collected $1.61 from pot
*** SUMMARY ***
Total pot $1.61
Seat 1: 7bc46ec9 (button) collected ($1.61)
Seat 2: e85e006 (small blind) folded before Flop
Seat 3: bf676a87 (big blind) folded before Flop
Seat 4: 69099da9 folded before Flop
Seat 5: Hero folded before Flop (didn't bet)
Seat 6: a5bad33e folded before Flop (didn't bet)


Poker Hand #RC94536793: Hold'em No Limit ($0.1/$0.25) - 2020/04/06 13:21:57
Table 'RushAndCash282721' 6-max Seat #1 is the button
Seat 1: e08b812a ($27.54 in chips)
Seat 2: Hero ($25 in chips)
Seat 3: 2e1a1d21 ($18.51 in chips)
Seat 4: 8b632206 ($50.38 in chips)
Seat 5: 1ab4a8f9 ($37.17 in chips)
Seat 6: b770aeb ($37.84 in chips)
Hero: posts small blind $0.1
2e1a1d21: posts big blind $0.25
*** HOLE CARDS ***
Dealt to e08b812a 
Dealt to Hero [As 2s]
Dealt to 2e1a1d21 
Dealt to 8b632206 
Dealt to 1ab4a8f9 
Dealt to b770aeb 
8b632206: folds
1ab4a8f9: raises $0.38 to $0.63
b770aeb: folds
e08b812a: folds
Hero: calls $0.53
2e1a1d21: folds
*** FLOP *** [4s 8d Kd]
Hero: checks
1ab4a8f9: bets $0.5
Hero: calls $0.5
*** TURN *** [4s 8d Kd] [8h]
Hero: checks
1ab4a8f9: checks
*** RIVER *** [4s 8d Kd 8h] [Jd]
Hero: checks
1ab4a8f9: bets $1.95
Hero: folds
Uncalled bet ($1.95) returned to 1ab4a8f9
*** SHOWDOWN ***
1ab4a8f9 collected $2.51 from pot
*** SUMMARY ***
Total pot $2.51
Board [4s 8d Kd 8h Jd]
Seat 1: e08b812a (button) folded before Flop (didn't bet)
Seat 2: Hero (small blind) folded on the River
Seat 3: 2e1a1d21 (big blind) folded before Flop
Seat 4: 8b632206 folded before Flop (didn't bet)
Seat 5: 1ab4a8f9 won ($2.51)
Seat 6: b770aeb folded before Flop (didn't bet)


Poker Hand #RC94537206: Hold'em No Limit ($0.1/$0.25) - 2020/04/06 13:22:59
Table 'RushAndCash282777' 6-max Seat #1 is the button
Seat 1: 1ab4a8f9 ($38.43 in chips)
Seat 2: e93dcd01 ($25 in chips)
Seat 3: Hero ($25 in chips)
Seat 4: c236ae91 ($55.82 in chips)
Seat 5: a3220464 ($53.21 in chips)
Seat 6: 7c703a7d ($25 in chips)
Cash Drop to Pot : total $2.5 
e93dcd01: posts small blind $0.1
Hero: posts big blind $0.25
*** HOLE CARDS ***
Dealt to 1ab4a8f9 
Dealt to e93dcd01 
Dealt to Hero [Ah 2c]
Dealt to c236ae91 
Dealt to a3220464 
Dealt to 7c703a7d 
c236ae91: raises $0.5 to $0.75
a3220464: raises $1.5 to $2.25
7c703a7d: folds
1ab4a8f9: folds
e93dcd01: folds
Hero: folds
c236ae91: calls $1.5
*** FLOP *** [8d 9s 8c]
c236ae91: checks
a3220464: checks
*** TURN *** [8d 9s 8c] [Tc]
c236ae91: checks
a3220464: bets $3.7
c236ae91: calls $3.7
*** RIVER *** [8d 9s 8c Tc] [8h]
c236ae91: bets $4
a3220464: calls $4
c236ae91: shows [7c 6c] (Tens-High Straight)
a3220464: shows [9d 9h] (Nines Full over Eights)
*** SHOWDOWN ***
a3220464 collected $22.75 from pot
*** SUMMARY ***
Total pot $22.75
Board [8d 9s 8c Tc 8h]
Seat 1: 1ab4a8f9 (button) folded before Flop (didn't bet)
Seat 2: e93dcd01 (small blind) folded before Flop
Seat 3: Hero (big blind) folded before Flop
Seat 4: c236ae91 showed [7c 6c] and lost with Tens-High Straight
Seat 5: a3220464 showed [9h 9d] and won ($22.75) with Nines Full over Eights
Seat 6: 7c703a7d folded before Flop (didn't bet)


Poker Hand #RC94537348: Hold'em No Limit ($0.1/$0.25) - 2020/04/06 13:23:22
Table 'RushAndCash282792' 6-max Seat #1 is the button
Seat 1: Hero ($25 in chips)
Seat 2: 65177f2a ($25 in chips)
Seat 3: 2d9ec94f ($25 in chips)
Seat 4: 9a91b176 ($21.18 in chips)
Seat 5: 72b3aa9c ($47.3 in chips)
Seat 6: f0bd307b ($28.31 in chips)
65177f2a: posts small blind $0.1
2d9ec94f: posts big blind $0.25
*** HOLE CARDS ***
Dealt to Hero [Ks Th]
Dealt to 65177f2a 
Dealt to 2d9ec94f 
Dealt to 9a91b176 
Dealt to 72b3aa9c 
Dealt to f0bd307b 
9a91b176: folds
72b3aa9c: raises $0.38 to $0.63
f0bd307b: folds
Hero: folds
65177f2a: folds
2d9ec94f: calls $0.38
*** FLOP *** [6s Kd 4s]
2d9ec94f: checks
72b3aa9c: bets $0.9
2d9ec94f: folds
Uncalled bet ($0.9) returned to 72b3aa9c
*** SHOWDOWN ***
72b3aa9c collected $1.36 from pot
*** SUMMARY ***
Total pot $1.36
Board [6s Kd 4s]
Seat 1: Hero (button) folded before Flop (didn't bet)
Seat 2: 65177f2a (small blind) folded before Flop
Seat 3: 2d9ec94f (big blind) folded on the Flop
Seat 4: 9a91b176 folded before Flop (didn't bet)
Seat 5: 72b3aa9c won ($1.36)
Seat 6: f0bd307b folded before Flop (didn't bet)


Poker Hand #RC94537459: Hold'em No Limit ($0.1/$0.25) - 2020/04/06 13:23:37
Table 'RushAndCash282808' 6-max Seat #1 is the button
Seat 1: 339d19f5 ($26.23 in chips)
Seat 2: f0bd307b ($28.31 in chips)
Seat 3: 139e6b8 ($25.11 in chips)
Seat 4: ca26e448 ($29.03 in chips)
Seat 5: e93dcd01 ($25 in chips)
Seat 6: Hero ($25 in chips)
f0bd307b: posts small blind $0.1
139e6b8: posts big blind $0.25
*** HOLE CARDS ***
Dealt to 339d19f5 
Dealt to f0bd307b 
Dealt to 139e6b8 
Dealt to ca26e448 
Dealt to e93dcd01 
Dealt to Hero [Ac 5s]
ca26e448: folds
e93dcd01: folds
Hero: folds
339d19f5: folds
f0bd307b: raises $0.5 to $0.75
139e6b8: raises $1.55 to $2.3
f0bd307b: folds
Uncalled bet ($1.55) returned to 139e6b8
*** SHOWDOWN ***
139e6b8 collected $1.5 from pot
*** SUMMARY ***
Total pot $1.5
Seat 1: 339d19f5 (button) folded before Flop (didn't bet)
Seat 2: f0bd307b (small blind) folded before Flop
Seat 3: 139e6b8 (big blind) collected ($1.5)
Seat 4: ca26e448 folded before Flop (didn't bet)
Seat 5: e93dcd01 folded before Flop (didn't bet)
Seat 6: Hero folded before Flop (didn't bet)


Poker Hand #RC94537476: Hold'em No Limit ($0.1/$0.25) - 2020/04/06 13:23:40
Table 'RushAndCash282810' 6-max Seat #1 is the button
Seat 1: 8cd13ea4 ($26.09 in chips)
Seat 2: fb8c8f ($25 in chips)
Seat 3: c5a40f ($25.71 in chips)
Seat 4: 9830b702 ($27.6 in chips)
Seat 5: Hero ($25 in chips)
Seat 6: 7ba0020c ($46.03 in chips)
fb8c8f: posts small blind $0.1
c5a40f: posts big blind $0.25
*** HOLE CARDS ***
Dealt to 8cd13ea4 
Dealt to fb8c8f 
Dealt to c5a40f 
Dealt to 9830b702 
Dealt to Hero [8h 6c]
Dealt to 7ba0020c 
9830b702: folds
Hero: folds
7ba0020c: raises $0.38 to $0.63
8cd13ea4: folds
fb8c8f: folds
c5a40f: folds
Uncalled bet ($0.38) returned to 7ba0020c
*** SHOWDOWN ***
7ba0020c collected $0.6 from pot
*** SUMMARY ***
Total pot $0.6
Seat 1: 8cd13ea4 (button) folded before Flop (didn't bet)
Seat 2: fb8c8f (small blind) folded before Flop
Seat 3: c5a40f (big blind) folded before Flop
Seat 4: 9830b702 folded before Flop (didn't bet)
Seat 5: Hero folded before Flop (didn't bet)
Seat 6: 7ba0020c collected ($0.6)


Poker Hand #RC94537494: Hold'em No Limit ($0.1/$0.25) - 2020/04/06 13:23:43
Table 'RushAndCash282813' 6-max Seat #1 is the button
Seat 1: 7dce245c ($31.64 in chips)
Seat 2: e214afde ($42.96 in chips)
Seat 3: d48fc9ab ($78.3 in chips)
Seat 4: 65177f2a ($25 in chips)
Seat 5: Hero ($25 in chips)
Seat 6: bd54f13c ($68.63 in chips)
e214afde: posts small blind $0.1
d48fc9ab: posts big blind $0.25
*** HOLE CARDS ***
Dealt to 7dce245c 
Dealt to e214afde 
Dealt to d48fc9ab 
Dealt to 65177f2a 
Dealt to Hero [7h 4c]
Dealt to bd54f13c 
65177f2a: folds
Hero: folds
bd54f13c: folds
7dce245c: raises $0.25 to $0.5
e214afde: folds
d48fc9ab: folds
Uncalled bet ($0.25) returned to 7dce245c
*** SHOWDOWN ***
7dce245c collected $0.6 from pot
*** SUMMARY ***
Total pot $0.6
Seat 1: 7dce245c (button) collected ($0.6)
Seat 2: e214afde (small blind) folded before Flop
Seat 3: d48fc9ab (big blind) folded before Flop
Seat 4: 65177f2a folded before Flop (didn't bet)
Seat 5: Hero folded before Flop (didn't bet)
Seat 6: bd54f13c folded before Flop (didn't bet)


Poker Hand #RC94537515: Hold'em No Limit ($0.1/$0.25) - 2020/04/06 13:23:47
Table 'RushAndCash282816' 6-max Seat #1 is the button
Seat 1: 973e824 ($41.18 in chips)
Seat 2: ca26e448 ($29.03 in chips)
Seat 3: Hero ($25 in chips)
Seat 4: e5c497af ($50.7 in chips)
Seat 5: fa563893 ($16.09 in chips)
Seat 6: 65177f2a ($25 in chips)
ca26e448: posts small blind $0.1
Hero: posts big blind $0.25
*** HOLE CARDS ***
Dealt to 973e824 
Dealt to ca26e448 
Dealt to Hero [Ad Qh]
Dealt to e5c497af 
Dealt to fa563893 
Dealt to 65177f2a 
e5c497af: folds
fa563893: folds
65177f2a: folds
973e824: folds
ca26e448: folds
Uncalled bet ($0.15) returned to Hero
*** SHOWDOWN ***
Hero collected $0.2 from pot
*** SUMMARY ***
Total pot $0.2
Seat 1: 973e824 (button) folded before Flop (didn't bet)
Seat 2: ca26e448 (small blind) folded before Flop
Seat 3: Hero (big blind) collected ($0.2)
Seat 4: e5c497af folded before Flop (didn't bet)
Seat 5: fa563893 folded before Flop (didn't bet)
Seat 6: 65177f2a folded before Flop (didn't bet)


Poker Hand #RC94537609: Hold'em No Limit ($0.1/$0.25) - 2020/04/06 13:24:01
Table 'RushAndCash282826' 6-max Seat #1 is the button
Seat 1: 1a83d18d ($12.9 in chips)
Seat 2: Hero ($25.1 in chips)
Seat 3: 99221c6c ($24.78 in chips)
Seat 4: 5a99f9d9 ($44.28 in chips)
Seat 5: c5a40f ($25.46 in chips)
Seat 6: 7bc46ec9 ($31.18 in chips)
Hero: posts small blind $0.1
99221c6c: posts big blind $0.25
*** HOLE CARDS ***
Dealt to 1a83d18d 
Dealt to Hero [Th 2c]
Dealt to 99221c6c 
Dealt to 5a99f9d9 
Dealt to c5a40f 
Dealt to 7bc46ec9 
5a99f9d9: raises $0.38 to $0.63
c5a40f: raises $1.26 to $1.89
7bc46ec9: folds
1a83d18d: folds
Hero: folds
99221c6c: folds
5a99f9d9: calls $1.26
*** FLOP *** [4h As 5c]
5a99f9d9: checks
c5a40f: bets $1.4
5a99f9d9: folds
Uncalled bet ($1.4) returned to c5a40f
*** SHOWDOWN ***
c5a40f collected $4.13 from pot
*** SUMMARY ***
Total pot $4.13
Board [4h As 5c]
Seat 1: 1a83d18d (button) folded before Flop (didn't bet)
Seat 2: Hero (small blind) folded before Flop
Seat 3: 99221c6c (big blind) folded before Flop
Seat 4: 5a99f9d9 folded on the Flop
Seat 5: c5a40f won ($4.13)
Seat 6: 7bc46ec9 folded before Flop (didn't bet)


Poker Hand #RC94537641: Hold'em No Limit ($0.1/$0.25) - 2020/04/06 13:24:05
Table 'RushAndCash282831' 6-max Seat #1 is the button
Seat 1: Hero ($25 in chips)
Seat 2: e85e006 ($30.61 in chips)
Seat 3: e88ccac2 ($7.38 in chips)
Seat 4: 72b3aa9c ($47.97 in chips)
Seat 5: 927e5b51 ($29.2 in chips)
Seat 6: f48db0a1 ($13.75 in chips)
e85e006: posts small blind $0.1
e88ccac2: posts big blind $0.25
*** HOLE CARDS ***
Dealt to Hero [9c 4d]
Dealt to e85e006 
Dealt to e88ccac2 
Dealt to 72b3aa9c 
Dealt to 927e5b51 
Dealt to f48db0a1 
72b3aa9c: folds
927e5b51: folds
f48db0a1: folds
Hero: folds
e85e006: folds
Uncalled bet ($0.15) returned to e88ccac2
*** SHOWDOWN ***
e88ccac2 collected $0.2 from pot
*** SUMMARY ***
Total pot $0.2
Seat 1: Hero (button) folded before Flop (didn't bet)
Seat 2: e85e006 (small blind) folded before Flop
Seat 3: e88ccac2 (big blind) collected ($0.2)
Seat 4: 72b3aa9c folded before Flop (didn't bet)
Seat 5: 927e5b51 folded before Flop (didn't bet)
Seat 6: f48db0a1 folded before Flop (didn't bet)


Poker Hand #RC94537666: Hold'em No Limit ($0.1/$0.25) - 2020/04/06 13:24:09
Table 'RushAndCash282835' 6-max Seat #1 is the button
Seat 1: 22c577dc ($26.11 in chips)
Seat 2: 65b29b91 ($30.51 in chips)
Seat 3: 1eb35157 ($50.62 in chips)
Seat 4: 412a9f18 ($23.2 in chips)
Seat 5: db0baf83 ($9.99 in chips)
Seat 6: Hero ($25 in chips)
65b29b91: posts small blind $0.1
1eb35157: posts big blind $0.25
*** HOLE CARDS ***
Dealt to 22c577dc 
Dealt to 65b29b91 
Dealt to 1eb35157 
Dealt to 412a9f18 
Dealt to db0baf83 
Dealt to Hero [7s 6d]
412a9f18: folds
db0baf83: raises $0.5 to $0.75
Hero: folds
22c577dc: folds
65b29b91: raises $2.25 to $3
1eb35157: folds
db0baf83: calls $2.25
*** FLOP *** [9h 6h 3s]
65b29b91: bets $3.2
db0baf83: folds
Uncalled bet ($3.2) returned to 65b29b91
*** SHOWDOWN ***
65b29b91 collected $6.25 from pot
*** SUMMARY ***
Total pot $6.25
Board [9h 6h 3s]
Seat 1: 22c577dc (button) folded before Flop (didn't bet)
Seat 2: 65b29b91 (small blind) won ($6.25)
Seat 3: 1eb35157 (big blind) folded before Flop
Seat 4: 412a9f18 folded before Flop (didn't bet)
Seat 5: db0baf83 folded on the Flop
Seat 6: Hero folded before Flop (didn't bet)


Poker Hand #RC94537695: Hold'em No Limit ($0.1/$0.25) - 2020/04/06 13:24:13
Table 'RushAndCash282840' 6-max Seat #1 is the button
Seat 1: fbd60e32 ($54.45 in chips)
Seat 2: 7c703a7d ($25 in chips)
Seat 3: b49798f5 ($4.39 in chips)
Seat 4: Hero ($25 in chips)
Seat 5: 2e1a1d21 ($18.01 in chips)
Seat 6: 7982d090 ($29.68 in chips)
7c703a7d: posts small blind $0.1
b49798f5: posts big blind $0.25
*** HOLE CARDS ***
Dealt to fbd60e32 
Dealt to 7c703a7d 
Dealt to b49798f5 
Dealt to Hero [4s 4c]
Dealt to 2e1a1d21 
Dealt to 7982d090 
Hero: folds
2e1a1d21: folds
7982d090: folds
fbd60e32: folds
7c703a7d: folds
Uncalled bet ($0.15) returned to b49798f5
*** SHOWDOWN ***
b49798f5 collected $0.2 from pot
*** SUMMARY ***
Total pot $0.2
Seat 1: fbd60e32 (button) folded before Flop (didn't bet)
Seat 2: 7c703a7d (small blind) folded before Flop
Seat 3: b49798f5 (big blind) collected ($0.2)
Seat 4: Hero folded before Flop (didn't bet)
Seat 5: 2e1a1d21 folded before Flop (didn't bet)
Seat 6: 7982d090 folded before Flop (didn't bet)


Poker Hand #RC94537737: Hold'em No Limit ($0.1/$0.25) - 2020/04/06 13:24:19
Table 'RushAndCash282845' 6-max Seat #1 is the button
Seat 1: 7c703a7d ($25 in chips)
Seat 2: 69099da9 ($42.78 in chips)
Seat 3: a8a7d3f4 ($26.83 in chips)
Seat 4: Hero ($25 in chips)
Seat 5: 7eef1489 ($28.45 in chips)
Seat 6: e88ccac2 ($7.48 in chips)
69099da9: posts small blind $0.1
a8a7d3f4: posts big blind $0.25
*** HOLE CARDS ***
Dealt to 7c703a7d 
Dealt to 69099da9 
Dealt to a8a7d3f4 
Dealt to Hero [Kc 3c]
Dealt to 7eef1489 
Dealt to e88ccac2 
Hero: folds
7eef1489: folds
e88ccac2: folds
7c703a7d: folds
69099da9: folds
Uncalled bet ($0.15) returned to a8a7d3f4
*** SHOWDOWN ***
a8a7d3f4 collected $0.2 from pot
*** SUMMARY ***
Total pot $0.2
Seat 1: 7c703a7d (button) folded before Flop (didn't bet)
Seat 2: 69099da9 (small blind) folded before Flop
Seat 3: a8a7d3f4 (big blind) collected ($0.2)
Seat 4: Hero folded before Flop (didn't bet)
Seat 5: 7eef1489 folded before Flop (didn't bet)
Seat 6: e88ccac2 folded before Flop (didn't bet)


Poker Hand #RC94537756: Hold'em No Limit ($0.1/$0.25) - 2020/04/06 13:24:22
Table 'RushAndCash282848' 6-max Seat #1 is the button
Seat 1: f0bd307b ($27.56 in chips)
Seat 2: bf676a87 ($25.35 in chips)
Seat 3: Hero ($25 in chips)
Seat 4: e85e006 ($30.51 in chips)
Seat 5: 92781347 ($60.51 in chips)
Seat 6: fb8c8f ($25.35 in chips)
bf676a87: posts small blind $0.1
Hero: posts big blind $0.25
*** HOLE CARDS ***
Dealt to f0bd307b 
Dealt to bf676a87 
Dealt to Hero [9s 6h]
Dealt to e85e006 
Dealt to 92781347 
Dealt to fb8c8f 
e85e006: folds
92781347: folds
fb8c8f: folds
f0bd307b: raises $0.38 to $0.63
bf676a87: folds
Hero: folds
Uncalled bet ($0.38) returned to f0bd307b
*** SHOWDOWN ***
f0bd307b collected $0.6 from pot
*** SUMMARY ***
Total pot $0.6
Seat 1: f0bd307b (button) collected ($0.6)
Seat 2: bf676a87 (small blind) folded before Flop
Seat 3: Hero (big blind) folded before Flop
Seat 4: e85e006 folded before Flop (didn't bet)
Seat 5: 92781347 folded before Flop (didn't bet)
Seat 6: fb8c8f folded before Flop (didn't bet)


Poker Hand #RC94537792: Hold'em No Limit ($0.1/$0.25) - 2020/04/06 13:24:28
Table 'RushAndCash282853' 6-max Seat #1 is the button
Seat 1: c8605a11 ($33.24 in chips)
Seat 2: Hero ($25 in chips)
Seat 3: 92781347 ($60.51 in chips)
Seat 4: fb8c8f ($25.35 in chips)
Seat 5: e93dcd01 ($25.1 in chips)
Seat 6: 3bde469d ($28.25 in chips)
Hero: posts small blind $0.1
92781347: posts big blind $0.25
*** HOLE CARDS ***
Dealt to c8605a11 
Dealt to Hero [4d 2d]
Dealt to 92781347 
Dealt to fb8c8f 
Dealt to e93dcd01 
Dealt to 3bde469d 
fb8c8f: folds
e93dcd01: folds
3bde469d: folds
c8605a11: folds
Hero: folds
Uncalled bet ($0.15) returned to 92781347
*** SHOWDOWN ***
92781347 collected $0.2 from pot
*** SUMMARY ***
Total pot $0.2
Seat 1: c8605a11 (button) folded before Flop (didn't bet)
Seat 2: Hero (small blind) folded before Flop
Seat 3: 92781347 (big blind) collected ($0.2)
Seat 4: fb8c8f folded before Flop (didn't bet)
Seat 5: e93dcd01 folded before Flop (didn't bet)
Seat 6: 3bde469d folded before Flop (didn't bet)


Poker Hand #RC94537825: Hold'em No Limit ($0.1/$0.25) - 2020/04/06 13:24:33
Table 'RushAndCash282858' 6-max Seat #1 is the button
Seat 1: Hero ($25 in chips)
Seat 2: 65b29b91 ($33.45 in chips)
Seat 3: 927e5b51 ($29.1 in chips)
Seat 4: e08b812a ($27.22 in chips)
Seat 5: bf676a87 ($25.25 in chips)
Seat 6: db0baf83 ($6.99 in chips)
65b29b91: posts small blind $0.1
927e5b51: posts big blind $0.25
*** HOLE CARDS ***
Dealt to Hero [Kd 7h]
Dealt to 65b29b91 
Dealt to 927e5b51 
Dealt to e08b812a 
Dealt to bf676a87 
Dealt to db0baf83 
e08b812a: folds
bf676a87: folds
db0baf83: folds
Hero: folds
65b29b91: folds
Uncalled bet ($0.15) returned to 927e5b51
*** SHOWDOWN ***
927e5b51 collected $0.2 from pot
*** SUMMARY ***
Total pot $0.2
Seat 1: Hero (button) folded before Flop (didn't bet)
Seat 2: 65b29b91 (small blind) folded before Flop
Seat 3: 927e5b51 (big blind) collected ($0.2)
Seat 4: e08b812a folded before Flop (didn't bet)
Seat 5: bf676a87 folded before Flop (didn't bet)
Seat 6: db0baf83 folded before Flop (didn't bet)


Poker Hand #RC94537845: Hold'em No Limit ($0.1/$0.25) - 2020/04/06 13:24:37
Table 'RushAndCash282861' 6-max Seat #1 is the button
Seat 1: 7982d090 ($29.33 in chips)
Seat 2: e88ccac2 ($7.48 in chips)
Seat 3: b770aeb ($32.34 in chips)
Seat 4: Hero ($25 in chips)
Seat 5: f0bd307b ($27.91 in chips)
Seat 6: bf676a87 ($25.25 in chips)
e88ccac2: posts small blind $0.1
b770aeb: posts big blind $0.25
*** HOLE CARDS ***
Dealt to 7982d090 
Dealt to e88ccac2 
Dealt to b770aeb 
Dealt to Hero [3s 3c]
Dealt to f0bd307b 
Dealt to bf676a87 
Hero: folds
f0bd307b: folds
bf676a87: raises $0.38 to $0.63
7982d090: folds
e88ccac2: folds
b770aeb: calls $0.38
*** FLOP *** [Kh Tc 4d]
b770aeb: checks
bf676a87: bets $0.4
b770aeb: folds
Uncalled bet ($0.4) returned to bf676a87
*** SHOWDOWN ***
bf676a87 collected $1.36 from pot
*** SUMMARY ***
Total pot $1.36
Board [Kh Tc 4d]
Seat 1: 7982d090 (button) folded before Flop (didn't bet)
Seat 2: e88ccac2 (small blind) folded before Flop
Seat 3: b770aeb (big blind) folded on the Flop
Seat 4: Hero folded before Flop (didn't bet)
Seat 5: f0bd307b folded before Flop (didn't bet)
Seat 6: bf676a87 won ($1.36)


Poker Hand #RC94537875: Hold'em No Limit ($0.1/$0.25) - 2020/04/06 13:24:41
Table 'RushAndCash282865' 6-max Seat #1 is the button
Seat 1: e08b812a ($27.22 in chips)
Seat 2: 7bc46ec9 ($30.93 in chips)
Seat 3: e214afde ($42.86 in chips)
Seat 4: Hero ($25 in chips)
Seat 5: 7ba0020c ($47.92 in chips)
Seat 6: 12b5ab07 ($78.29 in chips)
7bc46ec9: posts small blind $0.1
e214afde: posts big blind $0.25
*** HOLE CARDS ***
Dealt to e08b812a 
Dealt to 7bc46ec9 
Dealt to e214afde 
Dealt to Hero [5d 2c]
Dealt to 7ba0020c 
Dealt to 12b5ab07 
Hero: folds
7ba0020c: folds
12b5ab07: folds
e08b812a: folds
7bc46ec9: folds
Uncalled bet ($0.15) returned to e214afde
*** SHOWDOWN ***
e214afde collected $0.2 from pot
*** SUMMARY ***
Total pot $0.2
Seat 1: e08b812a (button) folded before Flop (didn't bet)
Seat 2: 7bc46ec9 (small blind) folded before Flop
Seat 3: e214afde (big blind) collected ($0.2)
Seat 4: Hero folded before Flop (didn't bet)
Seat 5: 7ba0020c folded before Flop (didn't bet)
Seat 6: 12b5ab07 folded before Flop (didn't bet)


Poker Hand #RC94537898: Hold'em No Limit ($0.1/$0.25) - 2020/04/06 13:24:45
Table 'RushAndCash282867' 6-max Seat #1 is the button
Seat 1: e85e006 ($30.26 in chips)
Seat 2: c8605a11 ($32.99 in chips)
Seat 3: 949af81d ($30.83 in chips)
Seat 4: db0baf83 ($6.99 in chips)
Seat 5: Hero ($25 in chips)
Seat 6: 19e0bdce ($15.25 in chips)
c8605a11: posts small blind $0.1
949af81d: posts big blind $0.25
*** HOLE CARDS ***
Dealt to e85e006 
Dealt to c8605a11 
Dealt to 949af81d 
Dealt to db0baf83 
Dealt to Hero [9c 8h]
Dealt to 19e0bdce 
db0baf83: folds
Hero: folds
19e0bdce: folds
e85e006: folds
c8605a11: raises $0.63 to $0.88
949af81d: calls $0.63
*** FLOP *** [Ts 6s Js]
c8605a11: checks
949af81d: checks
*** TURN *** [Ts 6s Js] [Jh]
c8605a11: checks
949af81d: checks
*** RIVER *** [Ts 6s Js Jh] [5c]
c8605a11: checks
949af81d: checks
c8605a11: shows [6d Ad] (Pair of Jacks and Pair of Sixes)
949af81d: shows [Ac 5d] (Pair of Jacks and Pair of Fives)
*** SHOWDOWN ***
c8605a11 collected $1.76 from pot
*** SUMMARY ***
Total pot $1.76
Board [Ts 6s Js Jh 5c]
Seat 1: e85e006 (button) folded before Flop (didn't bet)
Seat 2: c8605a11 (small blind) showed [Ad 6d] and won ($1.76) with Pair of Jacks and Pair of Sixes
Seat 3: 949af81d (big blind) showed [Ac 5d] and lost with Pair of Jacks and Pair of Fives
Seat 4: db0baf83 folded before Flop (didn't bet)
Seat 5: Hero folded before Flop (didn't bet)
Seat 6: 19e0bdce folded before Flop (didn't bet)


Poker Hand #RC94537916: Hold'em No Limit ($0.1/$0.25) - 2020/04/06 13:24:48
Table 'RushAndCash282869' 6-max Seat #1 is the button
Seat 1: 12b5ab07 ($78.64 in chips)
Seat 2: e08b812a ($27.22 in chips)
Seat 3: Hero ($25 in chips)
Seat 4: 927e5b51 ($29.2 in chips)
Seat 5: 9830b702 ($27.45 in chips)
Seat 6: bd21d4de ($25.45 in chips)
e08b812a: posts small blind $0.1
Hero: posts big blind $0.25
*** HOLE CARDS ***
Dealt to 12b5ab07 
Dealt to e08b812a 
Dealt to Hero [Jd 2c]
Dealt to 927e5b51 
Dealt to 9830b702 
Dealt to bd21d4de 
927e5b51: folds
9830b702: folds
bd21d4de: folds
12b5ab07: folds
e08b812a: folds
Uncalled bet ($0.15) returned to Hero
*** SHOWDOWN ***
Hero collected $0.2 from pot
*** SUMMARY ***
Total pot $0.2
Seat 1: 12b5ab07 (button) folded before Flop (didn't bet)
Seat 2: e08b812a (small blind) folded before Flop
Seat 3: Hero (big blind) collected ($0.2)
Seat 4: 927e5b51 folded before Flop (didn't bet)
Seat 5: 9830b702 folded before Flop (didn't bet)
Seat 6: bd21d4de folded before Flop (didn't bet)


Poker Hand #RC94537946: Hold'em No Limit ($0.1/$0.25) - 2020/04/06 13:24:52
Table 'RushAndCash282873' 6-max Seat #1 is the button
Seat 1: dfa0e362 ($29.59 in chips)
Seat 2: e85e006 ($30.26 in chips)
Seat 3: 12b5ab07 ($78.64 in chips)
Seat 4: Hero ($25 in chips)
Seat 5: 927e5b51 ($29.2 in chips)
Seat 6: 763ed62e ($32.68 in chips)
e85e006: posts small blind $0.1
12b5ab07: posts big blind $0.25
*** HOLE CARDS ***
Dealt to dfa0e362 
Dealt to e85e006 
Dealt to 12b5ab07 
Dealt to Hero [Kh Js]
Dealt to 927e5b51 
Dealt to 763ed62e 
Hero: raises $0.38 to $0.63
927e5b51: folds
763ed62e: folds
dfa0e362: folds
e85e006: folds
12b5ab07: folds
Uncalled bet ($0.38) returned to Hero
*** SHOWDOWN ***
Hero collected $0.6 from pot
*** SUMMARY ***
Total pot $0.6
Seat 1: dfa0e362 (button) folded before Flop (didn't bet)
Seat 2: e85e006 (small blind) folded before Flop
Seat 3: 12b5ab07 (big blind) folded before Flop
Seat 4: Hero collected ($0.6)
Seat 5: 927e5b51 folded before Flop (didn't bet)
Seat 6: 763ed62e folded before Flop (didn't bet)


Poker Hand #RC94538030: Hold'em No Limit ($0.1/$0.25) - 2020/04/06 13:25:04
Table 'RushAndCash282886' 6-max Seat #1 is the button
Seat 1: 763ed62e ($32.58 in chips)
Seat 2: Hero ($25.7 in chips)
Seat 3: 85c29634 ($22.22 in chips)
Seat 4: 92781347 ($60.36 in chips)
Seat 5: 9a91b176 ($19.13 in chips)
Seat 6: b770aeb ($31.71 in chips)
Hero: posts small blind $0.1
85c29634: posts big blind $0.25
*** HOLE CARDS ***
Dealt to 763ed62e 
Dealt to Hero [Ac 4d]
Dealt to 85c29634 
Dealt to 92781347 
Dealt to 9a91b176 
Dealt to b770aeb 
92781347: folds
9a91b176: folds
b770aeb: folds
763ed62e: folds
Hero: folds
Uncalled bet ($0.15) returned to 85c29634
*** SHOWDOWN ***
85c29634 collected $0.2 from pot
*** SUMMARY ***
Total pot $0.2
Seat 1: 763ed62e (button) folded before Flop (didn't bet)
Seat 2: Hero (small blind) folded before Flop
Seat 3: 85c29634 (big blind) collected ($0.2)
Seat 4: 92781347 folded before Flop (didn't bet)
Seat 5: 9a91b176 folded before Flop (didn't bet)
Seat 6: b770aeb folded before Flop (didn't bet)


Poker Hand #RC94538058: Hold'em No Limit ($0.1/$0.25) - 2020/04/06 13:25:08
Table 'RushAndCash282890' 6-max Seat #1 is the button
Seat 1: Hero ($25.6 in chips)
Seat 2: e5796bc7 ($41.37 in chips)
Seat 3: 763ed62e ($32.58 in chips)
Seat 4: bf676a87 ($25.92 in chips)
Seat 5: 1ab4a8f9 ($50.33 in chips)
Seat 6: 339d19f5 ($25.1 in chips)
e5796bc7: posts small blind $0.1
763ed62e: posts big blind $0.25
*** HOLE CARDS ***
Dealt to Hero [Td 2c]
Dealt to e5796bc7 
Dealt to 763ed62e 
Dealt to bf676a87 
Dealt to 1ab4a8f9 
Dealt to 339d19f5 
bf676a87: folds
1ab4a8f9: folds
339d19f5: folds
Hero: folds
e5796bc7: folds
Uncalled bet ($0.15) returned to 763ed62e
*** SHOWDOWN ***
763ed62e collected $0.2 from pot
*** SUMMARY ***
Total pot $0.2
Seat 1: Hero (button) folded before Flop (didn't bet)
Seat 2: e5796bc7 (small blind) folded before Flop
Seat 3: 763ed62e (big blind) collected ($0.2)
Seat 4: bf676a87 folded before Flop (didn't bet)
Seat 5: 1ab4a8f9 folded before Flop (didn't bet)
Seat 6: 339d19f5 folded before Flop (didn't bet)


Poker Hand #RC94538103: Hold'em No Limit ($0.1/$0.25) - 2020/04/06 13:25:15
Table 'RushAndCash282895' 6-max Seat #1 is the button
Seat 1: 7ba0020c ($47.82 in chips)
Seat 2: eecbc523 ($28.93 in chips)
Seat 3: 72b3aa9c ($47.97 in chips)
Seat 4: 91477357 ($25.94 in chips)
Seat 5: Hero ($25.6 in chips)
Seat 6: fbd60e32 ($55.12 in chips)
eecbc523: posts small blind $0.1
72b3aa9c: posts big blind $0.25
*** HOLE CARDS ***
Dealt to 7ba0020c 
Dealt to eecbc523 
Dealt to 72b3aa9c 
Dealt to 91477357 
Dealt to Hero [Th 5c]
Dealt to fbd60e32 
91477357: raises $0.5 to $0.75
Hero: folds
fbd60e32: folds
7ba0020c: folds
eecbc523: folds
72b3aa9c: folds
Uncalled bet ($0.5) returned to 91477357
*** SHOWDOWN ***
91477357 collected $0.6 from pot
*** SUMMARY ***
Total pot $0.6
Seat 1: 7ba0020c (button) folded before Flop (didn't bet)
Seat 2: eecbc523 (small blind) folded before Flop
Seat 3: 72b3aa9c (big blind) folded before Flop
Seat 4: 91477357 collected ($0.6)
Seat 5: Hero folded before Flop (didn't bet)
Seat 6: fbd60e32 folded before Flop (didn't bet)


Poker Hand #RC94538147: Hold'em No Limit ($0.1/$0.25) - 2020/04/06 13:25:21
Table 'RushAndCash282900' 6-max Seat #1 is the button
Seat 1: bd54f13c ($67.78 in chips)
Seat 2: 19e0bdce ($15.25 in chips)
Seat 3: 95139f48 ($25.68 in chips)
Seat 4: Hero ($25.6 in chips)
Seat 5: 7eef1489 ($28.1 in chips)
Seat 6: 8b632206 ($56.46 in chips)
19e0bdce: posts small blind $0.1
95139f48: posts big blind $0.25
*** HOLE CARDS ***
Dealt to bd54f13c 
Dealt to 19e0bdce 
Dealt to 95139f48 
Dealt to Hero [Td 3d]
Dealt to 7eef1489 
Dealt to 8b632206 
Hero: folds
7eef1489: folds
8b632206: folds
bd54f13c: folds
19e0bdce: folds
Uncalled bet ($0.15) returned to 95139f48
*** SHOWDOWN ***
95139f48 collected $0.2 from pot
*** SUMMARY ***
Total pot $0.2
Seat 1: bd54f13c (button) folded before Flop (didn't bet)
Seat 2: 19e0bdce (small blind) folded before Flop
Seat 3: 95139f48 (big blind) collected ($0.2)
Seat 4: Hero folded before Flop (didn't bet)
Seat 5: 7eef1489 folded before Flop (didn't bet)
Seat 6: 8b632206 folded before Flop (didn't bet)


Poker Hand #RC94538164: Hold'em No Limit ($0.1/$0.25) - 2020/04/06 13:25:24
Table 'RushAndCash282901' 6-max Seat #1 is the button
Seat 1: f0bd307b ($27.56 in chips)
Seat 2: Hero ($25.6 in chips)
Seat 3: 3c5d6b5d ($12 in chips)
Seat 4: b770aeb ($31.71 in chips)
Seat 5: 763ed62e ($32.68 in chips)
Seat 6: edb0b1b3 ($8.64 in chips)
Hero: posts small blind $0.1
3c5d6b5d: posts big blind $0.25
*** HOLE CARDS ***
Dealt to f0bd307b 
Dealt to Hero [9h 4h]
Dealt to 3c5d6b5d 
Dealt to b770aeb 
Dealt to 763ed62e 
Dealt to edb0b1b3 
b770aeb: folds
763ed62e: folds
edb0b1b3: folds
f0bd307b: folds
Hero: folds
Uncalled bet ($0.15) returned to 3c5d6b5d
*** SHOWDOWN ***
3c5d6b5d collected $0.2 from pot
*** SUMMARY ***
Total pot $0.2
Seat 1: f0bd307b (button) folded before Flop (didn't bet)
Seat 2: Hero (small blind) folded before Flop
Seat 3: 3c5d6b5d (big blind) collected ($0.2)
Seat 4: b770aeb folded before Flop (didn't bet)
Seat 5: 763ed62e folded before Flop (didn't bet)
Seat 6: edb0b1b3 folded before Flop (didn't bet)


Poker Hand #RC94538220: Hold'em No Limit ($0.1/$0.25) - 2020/04/06 13:25:32
Table 'RushAndCash282910' 6-max Seat #1 is the button
Seat 1: 9bb4636c ($8.77 in chips)
Seat 2: 5a99f9d9 ($42.49 in chips)
Seat 3: Hero ($25.5 in chips)
Seat 4: edb0b1b3 ($8.64 in chips)
Seat 5: e88ccac2 ($7.03 in chips)
Seat 6: 19e0bdce ($15.15 in chips)
5a99f9d9: posts small blind $0.1
Hero: posts big blind $0.25
*** HOLE CARDS ***
Dealt to 9bb4636c 
Dealt to 5a99f9d9 
Dealt to Hero [Th Tc]
Dealt to edb0b1b3 
Dealt to e88ccac2 
Dealt to 19e0bdce 
edb0b1b3: raises $0.5 to $0.75
e88ccac2: folds
19e0bdce: folds
9bb4636c: calls $0.75
5a99f9d9: folds
Hero: calls $0.5
*** FLOP *** [7c Ah 2s]
Hero: checks
edb0b1b3: bets $1.2
9bb4636c: folds
Hero: folds
Uncalled bet ($1.2) returned to edb0b1b3
*** SHOWDOWN ***
edb0b1b3 collected $2.35 from pot
*** SUMMARY ***
Total pot $2.35
Board [7c Ah 2s]
Seat 1: 9bb4636c (button) folded on the Flop
Seat 2: 5a99f9d9 (small blind) folded before Flop
Seat 3: Hero (big blind) folded on the Flop
Seat 4: edb0b1b3 won ($2.35)
Seat 5: e88ccac2 folded before Flop (didn't bet)
Seat 6: 19e0bdce folded before Flop (didn't bet)


Poker Hand #RC94538408: Hold'em No Limit ($0.1/$0.25) - 2020/04/06 13:26:03
Table 'RushAndCash282936' 6-max Seat #1 is the button
Seat 1: Hero ($25 in chips)
Seat 2: ac2aaf46 ($50.68 in chips)
Seat 3: f0bd307b ($27.31 in chips)
Seat 4: 9bb4636c ($8.02 in chips)
Seat 5: b770aeb ($31.36 in chips)
Seat 6: edb0b1b3 ($10.13 in chips)
ac2aaf46: posts small blind $0.1
f0bd307b: posts big blind $0.25
*** HOLE CARDS ***
Dealt to Hero [3s 2s]
Dealt to ac2aaf46 
Dealt to f0bd307b 
Dealt to 9bb4636c 
Dealt to b770aeb 
Dealt to edb0b1b3 
9bb4636c: folds
b770aeb: folds
edb0b1b3: folds
Hero: folds
ac2aaf46: raises $0.25 to $0.5
f0bd307b: folds
Uncalled bet ($0.25) returned to ac2aaf46
*** SHOWDOWN ***
ac2aaf46 collected $0.5 from pot
*** SUMMARY ***
Total pot $0.5
Seat 1: Hero (button) folded before Flop (didn't bet)
Seat 2: ac2aaf46 (small blind) collected ($0.5)
Seat 3: f0bd307b (big blind) folded before Flop
Seat 4: 9bb4636c folded before Flop (didn't bet)
Seat 5: b770aeb folded before Flop (didn't bet)
Seat 6: edb0b1b3 folded before Flop (didn't bet)


Poker Hand #RC94538436: Hold'em No Limit ($0.1/$0.25) - 2020/04/06 13:26:08
Table 'RushAndCash282940' 6-max Seat #1 is the button
Seat 1: 7eef1489 ($27.75 in chips)
Seat 2: a3220464 ($64.36 in chips)
Seat 3: edb0b1b3 ($10.13 in chips)
Seat 4: 9bb4636c ($8.02 in chips)
Seat 5: Hero ($25 in chips)
Seat 6: b770aeb ($31.36 in chips)
a3220464: posts small blind $0.1
edb0b1b3: posts big blind $0.25
*** HOLE CARDS ***
Dealt to 7eef1489 
Dealt to a3220464 
Dealt to edb0b1b3 
Dealt to 9bb4636c 
Dealt to Hero [As Ac]
Dealt to b770aeb 
9bb4636c: raises $0.5 to $0.75
Hero: raises $1.75 to $2.5
b770aeb: folds
7eef1489: folds
a3220464: folds
edb0b1b3: folds
9bb4636c: calls $1.75
*** FLOP *** [8c 2d Qh]
9bb4636c: checks
Hero: bets $1.8
9bb4636c: raises $3.72 to $5.52 and is all-in
Hero: calls $3.72
9bb4636c: shows [Qd Td] (Pair of Queens)
Hero: shows [As Ac] (Pair of Aces)
*** TURN *** [8c 2d Qh] [3d]
*** RIVER *** [8c 2d Qh 3d] [6c]
*** SHOWDOWN ***
Hero collected $16.39 from pot
*** SUMMARY ***
Total pot $16.39
Board [8c 2d Qh 3d 6c]
Seat 1: 7eef1489 (button) folded before Flop (didn't bet)
Seat 2: a3220464 (small blind) folded before Flop
Seat 3: edb0b1b3 (big blind) folded before Flop
Seat 4: 9bb4636c showed [Qd Td] and lost with Pair of Queens
Seat 5: Hero showed [As Ac] and won ($16.39) with Pair of Aces
Seat 6: b770aeb folded before Flop (didn't bet)


Poker Hand #RC94538673: Hold'em No Limit ($0.1/$0.25) - 2020/04/06 13:26:43
Table 'RushAndCash282971' 6-max Seat #1 is the button
Seat 1: edb0b1b3 ($9.78 in chips)
Seat 2: 12b5ab07 ($80.45 in chips)
Seat 3: 978cb1bc ($25.35 in chips)
Seat 4: 85c29634 ($20.29 in chips)
Seat 5: 95139f48 ($25.05 in chips)
Seat 6: Hero ($32.37 in chips)
12b5ab07: posts small blind $0.1
978cb1bc: posts big blind $0.25
*** HOLE CARDS ***
Dealt to edb0b1b3 
Dealt to 12b5ab07 
Dealt to 978cb1bc 
Dealt to 85c29634 
Dealt to 95139f48 
Dealt to Hero [Ks 8s]
85c29634: folds
95139f48: folds
Hero: raises $0.38 to $0.63
edb0b1b3: folds
12b5ab07: folds
978cb1bc: folds
Uncalled bet ($0.38) returned to Hero
*** SHOWDOWN ***
Hero collected $0.6 from pot
*** SUMMARY ***
Total pot $0.6
Seat 1: edb0b1b3 (button) folded before Flop (didn't bet)
Seat 2: 12b5ab07 (small blind) folded before Flop
Seat 3: 978cb1bc (big blind) folded before Flop
Seat 4: 85c29634 folded before Flop (didn't bet)
Seat 5: 95139f48 folded before Flop (didn't bet)
Seat 6: Hero collected ($0.6)


Poker Hand #RC94539129: Hold'em No Limit ($0.1/$0.25) - 2020/04/06 13:27:55
Table 'RushAndCash283033' 6-max Seat #1 is the button
Seat 1: Hero ($32.72 in chips)
Seat 2: e214afde ($44.67 in chips)
Seat 3: 9a91b176 ($14.58 in chips)
Seat 4: e08b812a ($26.27 in chips)
Seat 5: 92781347 ($54.86 in chips)
Seat 6: 2330649f ($71.44 in chips)
e214afde: posts small blind $0.1
9a91b176: posts big blind $0.25
*** HOLE CARDS ***
Dealt to Hero [Qc 8c]
Dealt to e214afde 
Dealt to 9a91b176 
Dealt to e08b812a 
Dealt to 92781347 
Dealt to 2330649f 
e08b812a: folds
92781347: folds
2330649f: folds
Hero: raises $0.38 to $0.63
e214afde: folds
9a91b176: folds
Uncalled bet ($0.38) returned to Hero
*** SHOWDOWN ***
Hero collected $0.6 from pot
*** SUMMARY ***
Total pot $0.6
Seat 1: Hero (button) collected ($0.6)
Seat 2: e214afde (small blind) folded before Flop
Seat 3: 9a91b176 (big blind) folded before Flop
Seat 4: e08b812a folded before Flop (didn't bet)
Seat 5: 92781347 folded before Flop (didn't bet)
Seat 6: 2330649f folded before Flop (didn't bet)


Poker Hand #RC94539255: Hold'em No Limit ($0.1/$0.25) - 2020/04/06 13:28:13
Table 'RushAndCash283044' 6-max Seat #1 is the button
Seat 1: bd54f13c ($71.27 in chips)
Seat 2: 65177f2a ($28.28 in chips)
Seat 3: c8605a11 ($34.43 in chips)
Seat 4: 7eef1489 ($27.5 in chips)
Seat 5: Hero ($33.07 in chips)
Seat 6: b770aeb ($31.82 in chips)
65177f2a: posts small blind $0.1
c8605a11: posts big blind $0.25
*** HOLE CARDS ***
Dealt to bd54f13c 
Dealt to 65177f2a 
Dealt to c8605a11 
Dealt to 7eef1489 
Dealt to Hero [5d 4h]
Dealt to b770aeb 
7eef1489: folds
Hero: folds
b770aeb: folds
bd54f13c: raises $0.38 to $0.63
65177f2a: folds
c8605a11: calls $0.38
*** FLOP *** [2s Kh 2h]
c8605a11: checks
bd54f13c: bets $0.5
c8605a11: folds
Uncalled bet ($0.5) returned to bd54f13c
*** SHOWDOWN ***
bd54f13c collected $1.36 from pot
*** SUMMARY ***
Total pot $1.36
Board [2s Kh 2h]
Seat 1: bd54f13c (button) won ($1.36)
Seat 2: 65177f2a (small blind) folded before Flop
Seat 3: c8605a11 (big blind) folded on the Flop
Seat 4: 7eef1489 folded before Flop (didn't bet)
Seat 5: Hero folded before Flop (didn't bet)
Seat 6: b770aeb folded before Flop (didn't bet)


Poker Hand #RC94539299: Hold'em No Limit ($0.1/$0.25) - 2020/04/06 13:28:20
Table 'RushAndCash283048' 6-max Seat #1 is the button
Seat 1: ac2aaf46 ($51.02 in chips)
Seat 2: 7c703a7d ($25 in chips)
Seat 3: Hero ($33.07 in chips)
Seat 4: 7eef1489 ($27.5 in chips)
Seat 5: 92781347 ($54.86 in chips)
Seat 6: 9830b702 ($26.76 in chips)
7c703a7d: posts small blind $0.1
Hero: posts big blind $0.25
*** HOLE CARDS ***
Dealt to ac2aaf46 
Dealt to 7c703a7d 
Dealt to Hero [Js 5c]
Dealt to 7eef1489 
Dealt to 92781347 
Dealt to 9830b702 
7eef1489: folds
92781347: folds
9830b702: folds
ac2aaf46: folds
7c703a7d: folds
Uncalled bet ($0.15) returned to Hero
*** SHOWDOWN ***
Hero collected $0.2 from pot
*** SUMMARY ***
Total pot $0.2
Seat 1: ac2aaf46 (button) folded before Flop (didn't bet)
Seat 2: 7c703a7d (small blind) folded before Flop
Seat 3: Hero (big blind) collected ($0.2)
Seat 4: 7eef1489 folded before Flop (didn't bet)
Seat 5: 92781347 folded before Flop (didn't bet)
Seat 6: 9830b702 folded before Flop (didn't bet)


Poker Hand #RC94539332: Hold'em No Limit ($0.1/$0.25) - 2020/04/06 13:28:25
Table 'RushAndCash283051' 6-max Seat #1 is the button
Seat 1: 92781347 ($54.86 in chips)
Seat 2: Hero ($32.82 in chips)
Seat 3: 65177f2a ($28.18 in chips)
Seat 4: 8b632206 ($56.63 in chips)
Seat 5: 19e0bdce ($12.5 in chips)
Seat 6: 1eb35157 ($49.07 in chips)
Hero: posts small blind $0.1
65177f2a: posts big blind $0.25
*** HOLE CARDS ***
Dealt to 92781347 
Dealt to Hero [Ks 3c]
Dealt to 65177f2a 
Dealt to 8b632206 
Dealt to 19e0bdce 
Dealt to 1eb35157 
8b632206: folds
19e0bdce: folds
1eb35157: folds
92781347: folds
Hero: folds
Uncalled bet ($0.15) returned to 65177f2a
*** SHOWDOWN ***
65177f2a collected $0.2 from pot
*** SUMMARY ***
Total pot $0.2
Seat 1: 92781347 (button) folded before Flop (didn't bet)
Seat 2: Hero (small blind) folded before Flop
Seat 3: 65177f2a (big blind) collected ($0.2)
Seat 4: 8b632206 folded before Flop (didn't bet)
Seat 5: 19e0bdce folded before Flop (didn't bet)
Seat 6: 1eb35157 folded before Flop (didn't bet)


Poker Hand #RC94539347: Hold'em No Limit ($0.1/$0.25) - 2020/04/06 13:28:29
Table 'RushAndCash283054' 6-max Seat #1 is the button
Seat 1: 9830b702 ($26.76 in chips)
Seat 2: 7bc46ec9 ($59.22 in chips)
Seat 3: 7eef1489 ($27.5 in chips)
Seat 4: Hero ($32.72 in chips)
Seat 5: fb8c8f ($27.86 in chips)
Seat 6: 65b29b91 ($39.28 in chips)
7bc46ec9: posts small blind $0.1
7eef1489: posts big blind $0.25
*** HOLE CARDS ***
Dealt to 9830b702 
Dealt to 7bc46ec9 
Dealt to 7eef1489 
Dealt to Hero [Qs Js]
Dealt to fb8c8f 
Dealt to 65b29b91 
Hero: raises $0.38 to $0.63
fb8c8f: folds
65b29b91: folds
9830b702: folds
7bc46ec9: folds
7eef1489: folds
Uncalled bet ($0.38) returned to Hero
*** SHOWDOWN ***
Hero collected $0.6 from pot
*** SUMMARY ***
Total pot $0.6
Seat 1: 9830b702 (button) folded before Flop (didn't bet)
Seat 2: 7bc46ec9 (small blind) folded before Flop
Seat 3: 7eef1489 (big blind) folded before Flop
Seat 4: Hero collected ($0.6)
Seat 5: fb8c8f folded before Flop (didn't bet)
Seat 6: 65b29b91 folded before Flop (didn't bet)


Poker Hand #RC94539481: Hold'em No Limit ($0.1/$0.25) - 2020/04/06 13:28:49
Table 'RushAndCash283067' 6-max Seat #1 is the button
Seat 1: 798b8164 ($26.61 in chips)
Seat 2: e5c497af ($51.26 in chips)
Seat 3: 7c703a7d ($25 in chips)
Seat 4: 92781347 ($54.61 in chips)
Seat 5: Hero ($33.42 in chips)
Seat 6: e9a6013a ($55.4 in chips)
e5c497af: posts small blind $0.1
7c703a7d: posts big blind $0.25
*** HOLE CARDS ***
Dealt to 798b8164 
Dealt to e5c497af 
Dealt to 7c703a7d 
Dealt to 92781347 
Dealt to Hero [9s 7d]
Dealt to e9a6013a 
92781347: raises $0.5 to $0.75
Hero: folds
e9a6013a: folds
798b8164: folds
e5c497af: calls $0.65
7c703a7d: folds
*** FLOP *** [3h Ts Qs]
e5c497af: bets $1.4
92781347: raises $3.6 to $5
e5c497af: calls $3.6
*** TURN *** [3h Ts Qs] [5c]
e5c497af: checks
92781347: bets $14
e5c497af: calls $14
*** RIVER *** [3h Ts Qs 5c] [8c]
e5c497af: checks
92781347: checks
e5c497af: shows [4s 3s] (Pair of Treys)
92781347: shows [Ac Qh] (Pair of Queens)
*** SHOWDOWN ***
92781347 collected $39.75 from pot
*** SUMMARY ***
Total pot $39.75
Board [3h Ts Qs 5c 8c]
Seat 1: 798b8164 (button) folded before Flop (didn't bet)
Seat 2: e5c497af (small blind) showed [4s 3s] and lost with Pair of Treys
Seat 3: 7c703a7d (big blind) folded before Flop
Seat 4: 92781347 showed [Ac Qh] and won ($39.75) with Pair of Queens
Seat 5: Hero folded before Flop (didn't bet)
Seat 6: e9a6013a folded before Flop (didn't bet)


Poker Hand #RC94539518: Hold'em No Limit ($0.1/$0.25) - 2020/04/06 13:28:55
Table 'RushAndCash283070' 6-max Seat #1 is the button
Seat 1: 139e6b8 ($25 in chips)
Seat 2: 7eef1489 ($27.25 in chips)
Seat 3: 798b8164 ($26.61 in chips)
Seat 4: Hero ($33.42 in chips)
Seat 5: c5a40f ($25.69 in chips)
Seat 6: 927e5b51 ($28.01 in chips)
7eef1489: posts small blind $0.1
798b8164: posts big blind $0.25
*** HOLE CARDS ***
Dealt to 139e6b8 
Dealt to 7eef1489 
Dealt to 798b8164 
Dealt to Hero [Ac 8c]
Dealt to c5a40f 
Dealt to 927e5b51 
Hero: raises $0.38 to $0.63
c5a40f: folds
927e5b51: folds
139e6b8: folds
7eef1489: folds
798b8164: raises $1.07 to $1.7
Hero: calls $1.07
*** FLOP *** [Td Qc 8s]
798b8164: bets $1.8
Hero: calls $1.8
*** TURN *** [Td Qc 8s] [3c]
798b8164: checks
Hero: checks
*** RIVER *** [Td Qc 8s 3c] [Ad]
798b8164: bets $5
Hero: calls $5
798b8164: shows [Kh Ah] (Pair of Aces)
Hero: shows [Ac 8c] (Pair of Aces and Pair of Eights)
*** SHOWDOWN ***
Hero collected $17.1 from pot
*** SUMMARY ***
Total pot $17.1
Board [Td Qc 8s 3c Ad]
Seat 1: 139e6b8 (button) folded before Flop (didn't bet)
Seat 2: 7eef1489 (small blind) folded before Flop
Seat 3: 798b8164 (big blind) showed [Ah Kh] and lost with Pair of Aces
Seat 4: Hero showed [Ac 8c] and won ($17.1) with Pair of Aces and Pair of Eights
Seat 5: c5a40f folded before Flop (didn't bet)
Seat 6: 927e5b51 folded before Flop (didn't bet)


Poker Hand #RC94539855: Hold'em No Limit ($0.1/$0.25) - 2020/04/06 13:29:50
Table 'RushAndCash283109' 6-max Seat #1 is the button
Seat 1: eecbc523 ($29.47 in chips)
Seat 2: 798b8164 ($18.11 in chips)
Seat 3: Hero ($41.02 in chips)
Seat 4: 339d19f5 ($41.38 in chips)
Seat 5: fb8c8f ($27.51 in chips)
Seat 6: e5796bc7 ($44.01 in chips)
798b8164: posts small blind $0.1
Hero: posts big blind $0.25
*** HOLE CARDS ***
Dealt to eecbc523 
Dealt to 798b8164 
Dealt to Hero [Kc 2d]
Dealt to 339d19f5 
Dealt to fb8c8f 
Dealt to e5796bc7 
339d19f5: raises $0.38 to $0.63
fb8c8f: folds
e5796bc7: folds
eecbc523: folds
798b8164: folds
Hero: folds
Uncalled bet ($0.38) returned to 339d19f5
*** SHOWDOWN ***
339d19f5 collected $0.6 from pot
*** SUMMARY ***
Total pot $0.6
Seat 1: eecbc523 (button) folded before Flop (didn't bet)
Seat 2: 798b8164 (small blind) folded before Flop
Seat 3: Hero (big blind) folded before Flop
Seat 4: 339d19f5 collected ($0.6)
Seat 5: fb8c8f folded before Flop (didn't bet)
Seat 6: e5796bc7 folded before Flop (didn't bet)


Poker Hand #RC94539880: Hold'em No Limit ($0.1/$0.25) - 2020/04/06 13:29:54
Table 'RushAndCash283113' 6-max Seat #1 is the button
Seat 1: e5796bc7 ($44.01 in chips)
Seat 2: Hero ($40.77 in chips)
Seat 3: 9566baaa ($25 in chips)
Seat 4: 65177f2a ($27.53 in chips)
Seat 5: 798b8164 ($18.01 in chips)
Seat 6: c5a40f ($26.12 in chips)
Hero: posts small blind $0.1
9566baaa: posts big blind $0.25
*** HOLE CARDS ***
Dealt to e5796bc7 
Dealt to Hero [Qc Jd]
Dealt to 9566baaa 
Dealt to 65177f2a 
Dealt to 798b8164 
Dealt to c5a40f 
65177f2a: folds
798b8164: folds
c5a40f: folds
e5796bc7: folds
Hero: calls $0.15
9566baaa: checks
*** FLOP *** [Qd Kc 5d]
Hero: bets $0.4
9566baaa: folds
Uncalled bet ($0.4) returned to Hero
*** SHOWDOWN ***
Hero collected $0.5 from pot
*** SUMMARY ***
Total pot $0.5
Board [Qd Kc 5d]
Seat 1: e5796bc7 (button) folded before Flop (didn't bet)
Seat 2: Hero (small blind) won ($0.5)
Seat 3: 9566baaa (big blind) folded on the Flop
Seat 4: 65177f2a folded before Flop (didn't bet)
Seat 5: 798b8164 folded before Flop (didn't bet)
Seat 6: c5a40f folded before Flop (didn't bet)


Poker Hand #RC94540134: Hold'em No Limit ($0.1/$0.25) - 2020/04/06 13:30:34
Table 'RushAndCash283143' 6-max Seat #1 is the button
Seat 1: Hero ($41 in chips)
Seat 2: d48fc9ab ($79.73 in chips)
Seat 3: 927e5b51 ($25.86 in chips)
Seat 4: 2d9ec94f ($25 in chips)
Seat 5: dfa0e362 ($34.12 in chips)
Seat 6: 978cb1bc ($25 in chips)
d48fc9ab: posts small blind $0.1
927e5b51: posts big blind $0.25
*** HOLE CARDS ***
Dealt to Hero [7s 6s]
Dealt to d48fc9ab 
Dealt to 927e5b51 
Dealt to 2d9ec94f 
Dealt to dfa0e362 
Dealt to 978cb1bc 
2d9ec94f: folds
dfa0e362: folds
978cb1bc: raises $0.25 to $0.5
Hero: raises $1.62 to $2.12
d48fc9ab: folds
927e5b51: folds
978cb1bc: calls $1.62
*** FLOP *** [6c 6h 4d]
978cb1bc: bets $1.6
Hero: calls $1.6
*** TURN *** [6c 6h 4d] [5s]
978cb1bc: checks
Hero: bets $3.7
978cb1bc: calls $3.7
*** RIVER *** [6c 6h 4d 5s] [5c]
978cb1bc: checks
Hero: bets $15.2
978cb1bc: calls $15.2
Hero: shows [7s 6s] (Sixes Full over Fives)
978cb1bc: shows [7d 7c] (Pair of Sevens and Pair of Sixes)
*** SHOWDOWN ***
Hero collected $45.59 from pot
*** SUMMARY ***
Total pot $45.59
Board [6c 6h 4d 5s 5c]
Seat 1: Hero (button) showed [7s 6s] and won ($45.59) with Sixes Full over Fives
Seat 2: d48fc9ab (small blind) folded before Flop
Seat 3: 927e5b51 (big blind) folded before Flop
Seat 4: 2d9ec94f folded before Flop (didn't bet)
Seat 5: dfa0e362 folded before Flop (didn't bet)
Seat 6: 978cb1bc showed [7d 7c] and lost with Pair of Sevens and Pair of Sixes


Poker Hand #RC94540695: Hold'em No Limit ($0.1/$0.25) - 2020/04/06 13:32:03
Table 'RushAndCash283222' 6-max Seat #1 is the button
Seat 1: 1ab4a8f9 ($49.18 in chips)
Seat 2: ca26e448 ($29.32 in chips)
Seat 3: f48db0a1 ($37.21 in chips)
Seat 4: Hero ($62.97 in chips)
Seat 5: c5a40f ($26.69 in chips)
Seat 6: ca8a5107 ($25 in chips)
ca26e448: posts small blind $0.1
f48db0a1: posts big blind $0.25
*** HOLE CARDS ***
Dealt to 1ab4a8f9 
Dealt to ca26e448 
Dealt to f48db0a1 
Dealt to Hero [As 5s]
Dealt to c5a40f 
Dealt to ca8a5107 
Hero: raises $0.38 to $0.63
c5a40f: folds
ca8a5107: folds
1ab4a8f9: folds
ca26e448: folds
f48db0a1: folds
Uncalled bet ($0.38) returned to Hero
*** SHOWDOWN ***
Hero collected $0.6 from pot
*** SUMMARY ***
Total pot $0.6
Seat 1: 1ab4a8f9 (button) folded before Flop (didn't bet)
Seat 2: ca26e448 (small blind) folded before Flop
Seat 3: f48db0a1 (big blind) folded before Flop
Seat 4: Hero collected ($0.6)
Seat 5: c5a40f folded before Flop (didn't bet)
Seat 6: ca8a5107 folded before Flop (didn't bet)


Poker Hand #RC94540766: Hold'em No Limit ($0.1/$0.25) - 2020/04/06 13:32:15
Table 'RushAndCash283233' 6-max Seat #1 is the button
Seat 1: 2330649f ($65.44 in chips)
Seat 2: 1eb35157 ($48.72 in chips)
Seat 3: 9e9f192c ($25 in chips)
Seat 4: 67fd743c ($51.31 in chips)
Seat 5: Hero ($63.32 in chips)
Seat 6: 927e5b51 ($25.51 in chips)
1eb35157: posts small blind $0.1
9e9f192c: posts big blind $0.25
*** HOLE CARDS ***
Dealt to 2330649f 
Dealt to 1eb35157 
Dealt to 9e9f192c 
Dealt to 67fd743c 
Dealt to Hero [Ks 9h]
Dealt to 927e5b51 
67fd743c: folds
Hero: folds
927e5b51: folds
2330649f: raises $0.38 to $0.63
1eb35157: folds
9e9f192c: calls $0.38
*** FLOP *** [9c 5s 8c]
9e9f192c: checks
2330649f: bets $0.7
9e9f192c: folds
Uncalled bet ($0.7) returned to 2330649f
*** SHOWDOWN ***
2330649f collected $1.36 from pot
*** SUMMARY ***
Total pot $1.36
Board [9c 5s 8c]
Seat 1: 2330649f (button) won ($1.36)
Seat 2: 1eb35157 (small blind) folded before Flop
Seat 3: 9e9f192c (big blind) folded on the Flop
Seat 4: 67fd743c folded before Flop (didn't bet)
Seat 5: Hero folded before Flop (didn't bet)
Seat 6: 927e5b51 folded before Flop (didn't bet)


Poker Hand #RC94540786: Hold'em No Limit ($0.1/$0.25) - 2020/04/06 13:32:18
Table 'RushAndCash283236' 6-max Seat #1 is the button
Seat 1: e5c497af ($15.55 in chips)
Seat 2: a8a7d3f4 ($40.6 in chips)
Seat 3: 85c29634 ($19.49 in chips)
Seat 4: Hero ($63.32 in chips)
Seat 5: d48fc9ab ($76.03 in chips)
Seat 6: b770aeb ($33.01 in chips)
a8a7d3f4: posts small blind $0.1
85c29634: posts big blind $0.25
*** HOLE CARDS ***
Dealt to e5c497af 
Dealt to a8a7d3f4 
Dealt to 85c29634 
Dealt to Hero [7s 6c]
Dealt to d48fc9ab 
Dealt to b770aeb 
Hero: folds
d48fc9ab: folds
b770aeb: folds
e5c497af: folds
a8a7d3f4: raises $0.38 to $0.63
85c29634: folds
Uncalled bet ($0.38) returned to a8a7d3f4
*** SHOWDOWN ***
a8a7d3f4 collected $0.5 from pot
*** SUMMARY ***
Total pot $0.5
Seat 1: e5c497af (button) folded before Flop (didn't bet)
Seat 2: a8a7d3f4 (small blind) collected ($0.5)
Seat 3: 85c29634 (big blind) folded before Flop
Seat 4: Hero folded before Flop (didn't bet)
Seat 5: d48fc9ab folded before Flop (didn't bet)
Seat 6: b770aeb folded before Flop (didn't bet)


Poker Hand #RC94540811: Hold'em No Limit ($0.1/$0.25) - 2020/04/06 13:32:22
Table 'RushAndCash283239' 6-max Seat #1 is the button
Seat 1: Hero ($63.32 in chips)
Seat 2: 91477357 ($18.31 in chips)
Seat 3: e5796bc7 ($42.51 in chips)
Seat 4: 65177f2a ($26.03 in chips)
Seat 5: b18b9bc1 ($25 in chips)
Seat 6: 3c5d6b5d ($14.51 in chips)
91477357: posts small blind $0.1
e5796bc7: posts big blind $0.25
*** HOLE CARDS ***
Dealt to Hero [As 6c]
Dealt to 91477357 
Dealt to e5796bc7 
Dealt to 65177f2a 
Dealt to b18b9bc1 
Dealt to 3c5d6b5d 
65177f2a: folds
b18b9bc1: folds
3c5d6b5d: folds
Hero: folds
91477357: raises $0.5 to $0.75
e5796bc7: folds
Uncalled bet ($0.5) returned to 91477357
*** SHOWDOWN ***
91477357 collected $0.5 from pot
*** SUMMARY ***
Total pot $0.5
Seat 1: Hero (button) folded before Flop (didn't bet)
Seat 2: 91477357 (small blind) collected ($0.5)
Seat 3: e5796bc7 (big blind) folded before Flop
Seat 4: 65177f2a folded before Flop (didn't bet)
Seat 5: b18b9bc1 folded before Flop (didn't bet)
Seat 6: 3c5d6b5d folded before Flop (didn't bet)


Poker Hand #RC94540844: Hold'em No Limit ($0.1/$0.25) - 2020/04/06 13:32:27
Table 'RushAndCash283244' 6-max Seat #1 is the button
Seat 1: 1ba60397 ($17.01 in chips)
Seat 2: dfa0e362 ($31.22 in chips)
Seat 3: 3c5d6b5d ($14.51 in chips)
Seat 4: Hero ($63.32 in chips)
Seat 5: 72b3aa9c ($45.64 in chips)
Seat 6: e08b812a ($31.56 in chips)
dfa0e362: posts small blind $0.1
3c5d6b5d: posts big blind $0.25
*** HOLE CARDS ***
Dealt to 1ba60397 
Dealt to dfa0e362 
Dealt to 3c5d6b5d 
Dealt to Hero [Ah Qh]
Dealt to 72b3aa9c 
Dealt to e08b812a 
Hero: raises $0.38 to $0.63
72b3aa9c: folds
e08b812a: folds
1ba60397: folds
dfa0e362: folds
3c5d6b5d: folds
Uncalled bet ($0.38) returned to Hero
*** SHOWDOWN ***
Hero collected $0.6 from pot
*** SUMMARY ***
Total pot $0.6
Seat 1: 1ba60397 (button) folded before Flop (didn't bet)
Seat 2: dfa0e362 (small blind) folded before Flop
Seat 3: 3c5d6b5d (big blind) folded before Flop
Seat 4: Hero collected ($0.6)
Seat 5: 72b3aa9c folded before Flop (didn't bet)
Seat 6: e08b812a folded before Flop (didn't bet)


Poker Hand #RC94540966: Hold'em No Limit ($0.1/$0.25) - 2020/04/06 13:32:45
Table 'RushAndCash283260' 6-max Seat #1 is the button
Seat 1: 23e9f432 ($25.55 in chips)
Seat 2: 798b8164 ($35.82 in chips)
Seat 3: Hero ($63.67 in chips)
Seat 4: e5796bc7 ($42.26 in chips)
Seat 5: 91477357 ($18.56 in chips)
Seat 6: f48db0a1 ($36.96 in chips)
798b8164: posts small blind $0.1
Hero: posts big blind $0.25
*** HOLE CARDS ***
Dealt to 23e9f432 
Dealt to 798b8164 
Dealt to Hero [Jd 9s]
Dealt to e5796bc7 
Dealt to 91477357 
Dealt to f48db0a1 
e5796bc7: folds
91477357: folds
f48db0a1: folds
23e9f432: folds
798b8164: raises $0.25 to $0.5
Hero: folds
Uncalled bet ($0.25) returned to 798b8164
*** SHOWDOWN ***
798b8164 collected $0.5 from pot
*** SUMMARY ***
Total pot $0.5
Seat 1: 23e9f432 (button) folded before Flop (didn't bet)
Seat 2: 798b8164 (small blind) collected ($0.5)
Seat 3: Hero (big blind) folded before Flop
Seat 4: e5796bc7 folded before Flop (didn't bet)
Seat 5: 91477357 folded before Flop (didn't bet)
Seat 6: f48db0a1 folded before Flop (didn't bet)


Poker Hand #RC94540992: Hold'em No Limit ($0.1/$0.25) - 2020/04/06 13:32:48
Table 'RushAndCash283264' 6-max Seat #1 is the button
Seat 1: f48db0a1 ($36.96 in chips)
Seat 2: Hero ($63.42 in chips)
Seat 3: 978cb1bc ($25 in chips)
Seat 4: eecbc523 ($30.14 in chips)
Seat 5: 23e9f432 ($25.55 in chips)
Seat 6: e5796bc7 ($42.26 in chips)
Hero: posts small blind $0.1
978cb1bc: posts big blind $0.25
*** HOLE CARDS ***
Dealt to f48db0a1 
Dealt to Hero [Th Tc]
Dealt to 978cb1bc 
Dealt to eecbc523 
Dealt to 23e9f432 
Dealt to e5796bc7 
eecbc523: folds
23e9f432: folds
e5796bc7: folds
f48db0a1: folds
Hero: raises $0.5 to $0.75
978cb1bc: folds
Uncalled bet ($0.5) returned to Hero
*** SHOWDOWN ***
Hero collected $0.5 from pot
*** SUMMARY ***
Total pot $0.5
Seat 1: f48db0a1 (button) folded before Flop (didn't bet)
Seat 2: Hero (small blind) collected ($0.5)
Seat 3: 978cb1bc (big blind) folded before Flop
Seat 4: eecbc523 folded before Flop (didn't bet)
Seat 5: 23e9f432 folded before Flop (didn't bet)
Seat 6: e5796bc7 folded before Flop (didn't bet)


Poker Hand #RC94541099: Hold'em No Limit ($0.1/$0.25) - 2020/04/06 13:33:04
Table 'RushAndCash283276' 6-max Seat #1 is the button
Seat 1: 7eef1489 ($26.48 in chips)
Seat 2: 23e9f432 ($25.9 in chips)
Seat 3: bd54f13c ($70.73 in chips)
Seat 4: Hero ($63.67 in chips)
Seat 5: 973e824 ($45.41 in chips)
Seat 6: bf676a87 ($27.74 in chips)
23e9f432: posts small blind $0.1
bd54f13c: posts big blind $0.25
*** HOLE CARDS ***
Dealt to 7eef1489 
Dealt to 23e9f432 
Dealt to bd54f13c 
Dealt to Hero [9h 2d]
Dealt to 973e824 
Dealt to bf676a87 
Hero: folds
973e824: raises $0.38 to $0.63
bf676a87: folds
7eef1489: folds
23e9f432: calls $0.53
bd54f13c: folds
*** FLOP *** [4d 6d 4c]
23e9f432: checks
973e824: checks
*** TURN *** [4d 6d 4c] [Tc]
23e9f432: bets $1.05
973e824: folds
Uncalled bet ($1.05) returned to 23e9f432
*** SHOWDOWN ***
23e9f432 collected $1.51 from pot
*** SUMMARY ***
Total pot $1.51
Board [4d 6d 4c Tc]
Seat 1: 7eef1489 (button) folded before Flop (didn't bet)
Seat 2: 23e9f432 (small blind) won ($1.51)
Seat 3: bd54f13c (big blind) folded before Flop
Seat 4: Hero folded before Flop (didn't bet)
Seat 5: 973e824 folded on the Turn
Seat 6: bf676a87 folded before Flop (didn't bet)


Poker Hand #RC94541132: Hold'em No Limit ($0.1/$0.25) - 2020/04/06 13:33:09
Table 'RushAndCash283280' 6-max Seat #1 is the button
Seat 1: Hero ($63.67 in chips)
Seat 2: 1eb35157 ($48.37 in chips)
Seat 3: ca26e448 ($29.32 in chips)
Seat 4: 8fbb0313 ($16.34 in chips)
Seat 5: d48fc9ab ($76.6 in chips)
Seat 6: 978cb1bc ($25 in chips)
1eb35157: posts small blind $0.1
ca26e448: posts big blind $0.25
*** HOLE CARDS ***
Dealt to Hero [8d 5c]
Dealt to 1eb35157 
Dealt to ca26e448 
Dealt to 8fbb0313 
Dealt to d48fc9ab 
Dealt to 978cb1bc 
8fbb0313: folds
d48fc9ab: folds
978cb1bc: folds
Hero: folds
1eb35157: folds
Uncalled bet ($0.15) returned to ca26e448
*** SHOWDOWN ***
ca26e448 collected $0.2 from pot
*** SUMMARY ***
Total pot $0.2
Seat 1: Hero (button) folded before Flop (didn't bet)
Seat 2: 1eb35157 (small blind) folded before Flop
Seat 3: ca26e448 (big blind) collected ($0.2)
Seat 4: 8fbb0313 folded before Flop (didn't bet)
Seat 5: d48fc9ab folded before Flop (didn't bet)
Seat 6: 978cb1bc folded before Flop (didn't bet)


Poker Hand #RC94541160: Hold'em No Limit ($0.1/$0.25) - 2020/04/06 13:33:13
Table 'RushAndCash283283' 6-max Seat #1 is the button
Seat 1: 2d9ec94f ($25 in chips)
Seat 2: e214afde ($45.95 in chips)
Seat 3: 72b3aa9c ($45.64 in chips)
Seat 4: c8605a11 ($34.97 in chips)
Seat 5: Hero ($63.67 in chips)
Seat 6: 1eb35157 ($48.27 in chips)
e214afde: posts small blind $0.1
72b3aa9c: posts big blind $0.25
*** HOLE CARDS ***
Dealt to 2d9ec94f 
Dealt to e214afde 
Dealt to 72b3aa9c 
Dealt to c8605a11 
Dealt to Hero [Jd 7d]
Dealt to 1eb35157 
c8605a11: folds
Hero: folds
1eb35157: folds
2d9ec94f: folds
e214afde: folds
Uncalled bet ($0.15) returned to 72b3aa9c
*** SHOWDOWN ***
72b3aa9c collected $0.2 from pot
*** SUMMARY ***
Total pot $0.2
Seat 1: 2d9ec94f (button) folded before Flop (didn't bet)
Seat 2: e214afde (small blind) folded before Flop
Seat 3: 72b3aa9c (big blind) collected ($0.2)
Seat 4: c8605a11 folded before Flop (didn't bet)
Seat 5: Hero folded before Flop (didn't bet)
Seat 6: 1eb35157 folded before Flop (didn't bet)


Poker Hand #RC94541185: Hold'em No Limit ($0.1/$0.25) - 2020/04/06 13:33:18
Table 'RushAndCash283286' 6-max Seat #1 is the button
Seat 1: 1eb35157 ($48.27 in chips)
Seat 2: 85c29634 ($18.99 in chips)
Seat 3: Hero ($63.67 in chips)
Seat 4: c8605a11 ($34.97 in chips)
Seat 5: 2330649f ($66.11 in chips)
Seat 6: edb0b1b3 ($19.38 in chips)
85c29634: posts small blind $0.1
Hero: posts big blind $0.25
*** HOLE CARDS ***
Dealt to 1eb35157 
Dealt to 85c29634 
Dealt to Hero [Qs Ts]
Dealt to c8605a11 
Dealt to 2330649f 
Dealt to edb0b1b3 
c8605a11: folds
2330649f: folds
edb0b1b3: folds
1eb35157: folds
85c29634: folds
Uncalled bet ($0.15) returned to Hero
*** SHOWDOWN ***
Hero collected $0.2 from pot
*** SUMMARY ***
Total pot $0.2
Seat 1: 1eb35157 (button) folded before Flop (didn't bet)
Seat 2: 85c29634 (small blind) folded before Flop
Seat 3: Hero (big blind) collected ($0.2)
Seat 4: c8605a11 folded before Flop (didn't bet)
Seat 5: 2330649f folded before Flop (didn't bet)
Seat 6: edb0b1b3 folded before Flop (didn't bet)


Poker Hand #RC94541250: Hold'em No Limit ($0.1/$0.25) - 2020/04/06 13:33:29
Table 'RushAndCash283296' 6-max Seat #1 is the button
Seat 1: b770aeb ($29.85 in chips)
Seat 2: Hero ($63.77 in chips)
Seat 3: a3220464 ($63.99 in chips)
Seat 4: 54eec4a4 ($25 in chips)
Seat 5: bd21d4de ($28.85 in chips)
Seat 6: d48fc9ab ($76.6 in chips)
Hero: posts small blind $0.1
a3220464: posts big blind $0.25
*** HOLE CARDS ***
Dealt to b770aeb 
Dealt to Hero [8h 2h]
Dealt to a3220464 
Dealt to 54eec4a4 
Dealt to bd21d4de 
Dealt to d48fc9ab 
54eec4a4: folds
bd21d4de: folds
d48fc9ab: folds
b770aeb: folds
Hero: folds
Uncalled bet ($0.15) returned to a3220464
*** SHOWDOWN ***
a3220464 collected $0.2 from pot
*** SUMMARY ***
Total pot $0.2
Seat 1: b770aeb (button) folded before Flop (didn't bet)
Seat 2: Hero (small blind) folded before Flop
Seat 3: a3220464 (big blind) collected ($0.2)
Seat 4: 54eec4a4 folded before Flop (didn't bet)
Seat 5: bd21d4de folded before Flop (didn't bet)
Seat 6: d48fc9ab folded before Flop (didn't bet)


Poker Hand #RC94541281: Hold'em No Limit ($0.1/$0.25) - 2020/04/06 13:33:34
Table 'RushAndCash283300' 6-max Seat #1 is the button
Seat 1: 9830b702 ($26.9 in chips)
Seat 2: 72b3aa9c ($45.74 in chips)
Seat 3: b770aeb ($29.85 in chips)
Seat 4: Hero ($63.67 in chips)
Seat 5: 2ef4f4f8 ($14.14 in chips)
Seat 6: 978cb1bc ($25 in chips)
72b3aa9c: posts small blind $0.1
b770aeb: posts big blind $0.25
*** HOLE CARDS ***
Dealt to 9830b702 
Dealt to 72b3aa9c 
Dealt to b770aeb 
Dealt to Hero [9s 4d]
Dealt to 2ef4f4f8 
Dealt to 978cb1bc 
Hero: folds
2ef4f4f8: folds
978cb1bc: folds
9830b702: folds
72b3aa9c: folds
Uncalled bet ($0.15) returned to b770aeb
*** SHOWDOWN ***
b770aeb collected $0.2 from pot
*** SUMMARY ***
Total pot $0.2
Seat 1: 9830b702 (button) folded before Flop (didn't bet)
Seat 2: 72b3aa9c (small blind) folded before Flop
Seat 3: b770aeb (big blind) collected ($0.2)
Seat 4: Hero folded before Flop (didn't bet)
Seat 5: 2ef4f4f8 folded before Flop (didn't bet)
Seat 6: 978cb1bc folded before Flop (didn't bet)


Poker Hand #RC94541305: Hold'em No Limit ($0.1/$0.25) - 2020/04/06 13:33:38
Table 'RushAndCash283304' 6-max Seat #1 is the button
Seat 1: 67fd743c ($52.11 in chips)
Seat 2: ca26e448 ($29.42 in chips)
Seat 3: 9830b702 ($26.9 in chips)
Seat 4: 19e0bdce ($12.5 in chips)
Seat 5: 85c29634 ($18.89 in chips)
Seat 6: Hero ($63.67 in chips)
ca26e448: posts small blind $0.1
9830b702: posts big blind $0.25
*** HOLE CARDS ***
Dealt to 67fd743c 
Dealt to ca26e448 
Dealt to 9830b702 
Dealt to 19e0bdce 
Dealt to 85c29634 
Dealt to Hero [Kh 9c]
19e0bdce: folds
85c29634: folds
Hero: folds
67fd743c: folds
ca26e448: raises $0.5 to $0.75
9830b702: calls $0.5
*** FLOP *** [Ts Qd Ac]
ca26e448: bets $0.5
9830b702: folds
Uncalled bet ($0.5) returned to ca26e448
*** SHOWDOWN ***
ca26e448 collected $1.5 from pot
*** SUMMARY ***
Total pot $1.5
Board [Ts Qd Ac]
Seat 1: 67fd743c (button) folded before Flop (didn't bet)
Seat 2: ca26e448 (small blind) won ($1.5)
Seat 3: 9830b702 (big blind) folded on the Flop
Seat 4: 19e0bdce folded before Flop (didn't bet)
Seat 5: 85c29634 folded before Flop (didn't bet)
Seat 6: Hero folded before Flop (didn't bet)


Poker Hand #RC94541354: Hold'em No Limit ($0.1/$0.25) - 2020/04/06 13:33:45
Table 'RushAndCash283311' 6-max Seat #1 is the button
Seat 1: 798b8164 ($36.75 in chips)
Seat 2: 139e6b8 ($33.12 in chips)
Seat 3: bf676a87 ($28.09 in chips)
Seat 4: 95139f48 ($29.06 in chips)
Seat 5: Hero ($63.67 in chips)
Seat 6: 7eef1489 ($26.83 in chips)
139e6b8: posts small blind $0.1
bf676a87: posts big blind $0.25
*** HOLE CARDS ***
Dealt to 798b8164 
Dealt to 139e6b8 
Dealt to bf676a87 
Dealt to 95139f48 
Dealt to Hero [Qc Th]
Dealt to 7eef1489 
95139f48: folds
Hero: folds
7eef1489: folds
798b8164: folds
139e6b8: folds
Uncalled bet ($0.15) returned to bf676a87
*** SHOWDOWN ***
bf676a87 collected $0.2 from pot
*** SUMMARY ***
Total pot $0.2
Seat 1: 798b8164 (button) folded before Flop (didn't bet)
Seat 2: 139e6b8 (small blind) folded before Flop
Seat 3: bf676a87 (big blind) collected ($0.2)
Seat 4: 95139f48 folded before Flop (didn't bet)
Seat 5: Hero folded before Flop (didn't bet)
Seat 6: 7eef1489 folded before Flop (didn't bet)


Poker Hand #RC94541416: Hold'em No Limit ($0.1/$0.25) - 2020/04/06 13:33:54
Table 'RushAndCash283320' 6-max Seat #1 is the button
Seat 1: e5c497af ($15.27 in chips)
Seat 2: ca8a5107 ($25.42 in chips)
Seat 3: 663f1e0b ($25 in chips)
Seat 4: ac2aaf46 ($53.09 in chips)
Seat 5: 1ab4a8f9 ($50.31 in chips)
Seat 6: Hero ($63.67 in chips)
ca8a5107: posts small blind $0.1
663f1e0b: posts big blind $0.25
*** HOLE CARDS ***
Dealt to e5c497af 
Dealt to ca8a5107 
Dealt to 663f1e0b 
Dealt to ac2aaf46 
Dealt to 1ab4a8f9 
Dealt to Hero [As Kc]
ac2aaf46: folds
1ab4a8f9: folds
Hero: raises $0.38 to $0.63
e5c497af: folds
ca8a5107: calls $0.53
663f1e0b: folds
*** FLOP *** [8c 6d 6s]
ca8a5107: bets $0.5
Hero: calls $0.5
*** TURN *** [8c 6d 6s] [Td]
ca8a5107: bets $1.3
Hero: folds
Uncalled bet ($1.3) returned to ca8a5107
*** SHOWDOWN ***
ca8a5107 collected $2.51 from pot
*** SUMMARY ***
Total pot $2.51
Board [8c 6d 6s Td]
Seat 1: e5c497af (button) folded before Flop (didn't bet)
Seat 2: ca8a5107 (small blind) won ($2.51)
Seat 3: 663f1e0b (big blind) folded before Flop
Seat 4: ac2aaf46 folded before Flop (didn't bet)
Seat 5: 1ab4a8f9 folded before Flop (didn't bet)
Seat 6: Hero folded on the Turn


Poker Hand #RC94541669: Hold'em No Limit ($0.1/$0.25) - 2020/04/06 13:34:32
Table 'RushAndCash283352' 6-max Seat #1 is the button
Seat 1: e214afde ($45.15 in chips)
Seat 2: Hero ($62.54 in chips)
Seat 3: e85e006 ($33.52 in chips)
Seat 4: 663f1e0b ($25.25 in chips)
Seat 5: ca8a5107 ($26.68 in chips)
Seat 6: ca26e448 ($30 in chips)
Hero: posts small blind $0.1
e85e006: posts big blind $0.25
*** HOLE CARDS ***
Dealt to e214afde 
Dealt to Hero [Ts 5c]
Dealt to e85e006 
Dealt to 663f1e0b 
Dealt to ca8a5107 
Dealt to ca26e448 
663f1e0b: folds
ca8a5107: folds
ca26e448: raises $0.38 to $0.63
e214afde: raises $1.87 to $2.5
Hero: folds
e85e006: folds
ca26e448: folds
Uncalled bet ($1.87) returned to e214afde
*** SHOWDOWN ***
e214afde collected $1.61 from pot
*** SUMMARY ***
Total pot $1.61
Seat 1: e214afde (button) collected ($1.61)
Seat 2: Hero (small blind) folded before Flop
Seat 3: e85e006 (big blind) folded before Flop
Seat 4: 663f1e0b folded before Flop (didn't bet)
Seat 5: ca8a5107 folded before Flop (didn't bet)
Seat 6: ca26e448 folded before Flop


Poker Hand #RC94541706: Hold'em No Limit ($0.1/$0.25) - 2020/04/06 13:34:38
Table 'RushAndCash283354' 6-max Seat #1 is the button
Seat 1: 5a99f9d9 ($25 in chips)
Seat 2: c8605a11 ($34.19 in chips)
Seat 3: 1ba60397 ($15.15 in chips)
Seat 4: 1eb35157 ($48.02 in chips)
Seat 5: Hero ($62.44 in chips)
Seat 6: 927e5b51 ($25 in chips)
c8605a11: posts small blind $0.1
1ba60397: posts big blind $0.25
*** HOLE CARDS ***
Dealt to 5a99f9d9 
Dealt to c8605a11 
Dealt to 1ba60397 
Dealt to 1eb35157 
Dealt to Hero [Js 2d]
Dealt to 927e5b51 
1eb35157: raises $0.38 to $0.63
Hero: folds
927e5b51: folds
5a99f9d9: calls $0.63
c8605a11: raises $2.78 to $3.41
1ba60397: folds
1eb35157: folds
5a99f9d9: folds
Uncalled bet ($2.78) returned to c8605a11
*** SHOWDOWN ***
c8605a11 collected $2.14 from pot
*** SUMMARY ***
Total pot $2.14
Seat 1: 5a99f9d9 (button) folded before Flop
Seat 2: c8605a11 (small blind) collected ($2.14)
Seat 3: 1ba60397 (big blind) folded before Flop
Seat 4: 1eb35157 folded before Flop
Seat 5: Hero folded before Flop (didn't bet)
Seat 6: 927e5b51 folded before Flop (didn't bet)


Poker Hand #RC94541729: Hold'em No Limit ($0.1/$0.25) - 2020/04/06 13:34:41
Table 'RushAndCash283357' 6-max Seat #1 is the button
Seat 1: eecbc523 ($28.53 in chips)
Seat 2: 978cb1bc ($26.12 in chips)
Seat 3: Hero ($62.44 in chips)
Seat 4: ca8a5107 ($26.68 in chips)
Seat 5: 9a91b176 ($15.89 in chips)
Seat 6: 85c29634 ($18.14 in chips)
978cb1bc: posts small blind $0.1
Hero: posts big blind $0.25
*** HOLE CARDS ***
Dealt to eecbc523 
Dealt to 978cb1bc 
Dealt to Hero [Qd 7s]
Dealt to ca8a5107 
Dealt to 9a91b176 
Dealt to 85c29634 
ca8a5107: folds
9a91b176: folds
85c29634: folds
eecbc523: raises $0.38 to $0.63
978cb1bc: folds
Hero: folds
Uncalled bet ($0.38) returned to eecbc523
*** SHOWDOWN ***
eecbc523 collected $0.6 from pot
*** SUMMARY ***
Total pot $0.6
Seat 1: eecbc523 (button) collected ($0.6)
Seat 2: 978cb1bc (small blind) folded before Flop
Seat 3: Hero (big blind) folded before Flop
Seat 4: ca8a5107 folded before Flop (didn't bet)
Seat 5: 9a91b176 folded before Flop (didn't bet)
Seat 6: 85c29634 folded before Flop (didn't bet)


Poker Hand #RC94541785: Hold'em No Limit ($0.1/$0.25) - 2020/04/06 13:34:49
Table 'RushAndCash283365' 6-max Seat #1 is the button
Seat 1: Hero ($62.19 in chips)
Seat 2: 7ba0020c ($43.94 in chips)
Seat 3: 798b8164 ($38.02 in chips)
Seat 4: c5a40f ($25.81 in chips)
Seat 5: b770aeb ($28.97 in chips)
Seat 6: 7982d090 ($72.31 in chips)
7ba0020c: posts small blind $0.1
798b8164: posts big blind $0.25
*** HOLE CARDS ***
Dealt to Hero [7d 5s]
Dealt to 7ba0020c 
Dealt to 798b8164 
Dealt to c5a40f 
Dealt to b770aeb 
Dealt to 7982d090 
c5a40f: folds
b770aeb: folds
7982d090: folds
Hero: folds
7ba0020c: folds
Uncalled bet ($0.15) returned to 798b8164
*** SHOWDOWN ***
798b8164 collected $0.2 from pot
*** SUMMARY ***
Total pot $0.2
Seat 1: Hero (button) folded before Flop (didn't bet)
Seat 2: 7ba0020c (small blind) folded before Flop
Seat 3: 798b8164 (big blind) collected ($0.2)
Seat 4: c5a40f folded before Flop (didn't bet)
Seat 5: b770aeb folded before Flop (didn't bet)
Seat 6: 7982d090 folded before Flop (didn't bet)


Poker Hand #RC94541813: Hold'em No Limit ($0.1/$0.25) - 2020/04/06 13:34:53
Table 'RushAndCash283370' 6-max Seat #1 is the button
Seat 1: 72b3aa9c ($45.39 in chips)
Seat 2: 798b8164 ($37.77 in chips)
Seat 3: 85c29634 ($18.04 in chips)
Seat 4: ca8a5107 ($26.68 in chips)
Seat 5: b770aeb ($28.97 in chips)
Seat 6: Hero ($62.19 in chips)
798b8164: posts small blind $0.1
85c29634: posts big blind $0.25
*** HOLE CARDS ***
Dealt to 72b3aa9c 
Dealt to 798b8164 
Dealt to 85c29634 
Dealt to ca8a5107 
Dealt to b770aeb 
Dealt to Hero [Qd Jh]
ca8a5107: folds
b770aeb: folds
Hero: raises $0.38 to $0.63
72b3aa9c: folds
798b8164: folds
85c29634: calls $0.38
*** FLOP *** [3d 5s 6c]
85c29634: checks
Hero: bets $1.1
85c29634: folds
Uncalled bet ($1.1) returned to Hero
*** SHOWDOWN ***
Hero collected $1.36 from pot
*** SUMMARY ***
Total pot $1.36
Board [3d 5s 6c]
Seat 1: 72b3aa9c (button) folded before Flop (didn't bet)
Seat 2: 798b8164 (small blind) folded before Flop
Seat 3: 85c29634 (big blind) folded on the Flop
Seat 4: ca8a5107 folded before Flop (didn't bet)
Seat 5: b770aeb folded before Flop (didn't bet)
Seat 6: Hero won ($1.36)


Poker Hand #RC94542050: Hold'em No Limit ($0.1/$0.25) - 2020/04/06 13:35:27
Table 'RushAndCash283403' 6-max Seat #1 is the button
Seat 1: 85c29634 ($17.41 in chips)
Seat 2: Hero ($62.86 in chips)
Seat 3: e85e006 ($33.17 in chips)
Seat 4: e214afde ($45.7 in chips)
Seat 5: 339d19f5 ($39.16 in chips)
Seat 6: 1ab4a8f9 ($51.56 in chips)
Cash Drop to Pot : total $2.5 
Hero: posts small blind $0.1
e85e006: posts big blind $0.25
*** HOLE CARDS ***
Dealt to 85c29634 
Dealt to Hero [8c 2c]
Dealt to e85e006 
Dealt to e214afde 
Dealt to 339d19f5 
Dealt to 1ab4a8f9 
e214afde: folds
339d19f5: folds
1ab4a8f9: folds
85c29634: calls $0.25
Hero: folds
e85e006: checks
*** FLOP *** [5c 6s 3c]
e85e006: checks
85c29634: checks
*** TURN *** [5c 6s 3c] [7s]
e85e006: bets $1.6
85c29634: folds
Uncalled bet ($1.6) returned to e85e006
*** SHOWDOWN ***
e85e006 collected $3.1 from pot
*** SUMMARY ***
Total pot $3.1
Board [5c 6s 3c 7s]
Seat 1: 85c29634 (button) folded on the Turn
Seat 2: Hero (small blind) folded before Flop
Seat 3: e85e006 (big blind) won ($3.1)
Seat 4: e214afde folded before Flop (didn't bet)
Seat 5: 339d19f5 folded before Flop (didn't bet)
Seat 6: 1ab4a8f9 folded before Flop (didn't bet)


Poker Hand #RC94542121: Hold'em No Limit ($0.1/$0.25) - 2020/04/06 13:35:38
Table 'RushAndCash283411' 6-max Seat #1 is the button
Seat 1: Hero ($62.76 in chips)
Seat 2: ca26e448 ($29.12 in chips)
Seat 3: 8914ad3d ($32.39 in chips)
Seat 4: 1ab4a8f9 ($51.56 in chips)
Seat 5: 7c703a7d ($25.96 in chips)
Seat 6: bd8d6191 ($28.17 in chips)
ca26e448: posts small blind $0.1
8914ad3d: posts big blind $0.25
*** HOLE CARDS ***
Dealt to Hero [Ad 6c]
Dealt to ca26e448 
Dealt to 8914ad3d 
Dealt to 1ab4a8f9 
Dealt to 7c703a7d 
Dealt to bd8d6191 
1ab4a8f9: folds
7c703a7d: folds
bd8d6191: folds
Hero: folds
ca26e448: folds
Uncalled bet ($0.15) returned to 8914ad3d
*** SHOWDOWN ***
8914ad3d collected $0.2 from pot
*** SUMMARY ***
Total pot $0.2
Seat 1: Hero (button) folded before Flop (didn't bet)
Seat 2: ca26e448 (small blind) folded before Flop
Seat 3: 8914ad3d (big blind) collected ($0.2)
Seat 4: 1ab4a8f9 folded before Flop (didn't bet)
Seat 5: 7c703a7d folded before Flop (didn't bet)
Seat 6: bd8d6191 folded before Flop (didn't bet)


Poker Hand #RC94542147: Hold'em No Limit ($0.1/$0.25) - 2020/04/06 13:35:42
Table 'RushAndCash283414' 6-max Seat #1 is the button
Seat 1: 1ab4a8f9 ($51.56 in chips)
Seat 2: d48fc9ab ($75.75 in chips)
Seat 3: 2ef4f4f8 ($16.88 in chips)
Seat 4: 339d19f5 ($39.16 in chips)
Seat 5: 23e9f432 ($25 in chips)
Seat 6: Hero ($62.76 in chips)
d48fc9ab: posts small blind $0.1
2ef4f4f8: posts big blind $0.25
*** HOLE CARDS ***
Dealt to 1ab4a8f9 
Dealt to d48fc9ab 
Dealt to 2ef4f4f8 
Dealt to 339d19f5 
Dealt to 23e9f432 
Dealt to Hero [5c 2s]
339d19f5: folds
23e9f432: raises $0.38 to $0.63
Hero: folds
1ab4a8f9: folds
d48fc9ab: folds
2ef4f4f8: folds
Uncalled bet ($0.38) returned to 23e9f432
*** SHOWDOWN ***
23e9f432 collected $0.6 from pot
*** SUMMARY ***
Total pot $0.6
Seat 1: 1ab4a8f9 (button) folded before Flop (didn't bet)
Seat 2: d48fc9ab (small blind) folded before Flop
Seat 3: 2ef4f4f8 (big blind) folded before Flop
Seat 4: 339d19f5 folded before Flop (didn't bet)
Seat 5: 23e9f432 collected ($0.6)
Seat 6: Hero folded before Flop (didn't bet)


Poker Hand #RC94542176: Hold'em No Limit ($0.1/$0.25) - 2020/04/06 13:35:47
Table 'RushAndCash283416' 6-max Seat #1 is the button
Seat 1: c0147c0d ($4.61 in chips)
Seat 2: e5796bc7 ($36.15 in chips)
Seat 3: Hero ($62.76 in chips)
Seat 4: 54eec4a4 ($25.6 in chips)
Seat 5: c5a40f ($25.81 in chips)
Seat 6: 67fd743c ($52.46 in chips)
e5796bc7: posts small blind $0.1
Hero: posts big blind $0.25
*** HOLE CARDS ***
Dealt to c0147c0d 
Dealt to e5796bc7 
Dealt to Hero [As Qd]
Dealt to 54eec4a4 
Dealt to c5a40f 
Dealt to 67fd743c 
54eec4a4: raises $0.38 to $0.63
c5a40f: folds
67fd743c: folds
c0147c0d: folds
e5796bc7: folds
Hero: calls $0.38
*** FLOP *** [4d 5d 9d]
Hero: checks
54eec4a4: bets $0.5
Hero: calls $0.5
*** TURN *** [4d 5d 9d] [Tc]
Hero: checks
54eec4a4: bets $1.45
Hero: folds
Uncalled bet ($1.45) returned to 54eec4a4
*** SHOWDOWN ***
54eec4a4 collected $2.36 from pot
*** SUMMARY ***
Total pot $2.36
Board [4d 5d 9d Tc]
Seat 1: c0147c0d (button) folded before Flop (didn't bet)
Seat 2: e5796bc7 (small blind) folded before Flop
Seat 3: Hero (big blind) folded on the Turn
Seat 4: 54eec4a4 won ($2.36)
Seat 5: c5a40f folded before Flop (didn't bet)
Seat 6: 67fd743c folded before Flop (didn't bet)


Poker Hand #RC94542416: Hold'em No Limit ($0.1/$0.25) - 2020/04/06 13:36:25
Table 'RushAndCash283441' 6-max Seat #1 is the button
Seat 1: e08b812a ($27.08 in chips)
Seat 2: e5796bc7 ($35.8 in chips)
Seat 3: c94cd9ff ($10.61 in chips)
Seat 4: bd21d4de ($25 in chips)
Seat 5: 54eec4a4 ($26.72 in chips)
Seat 6: Hero ($61.63 in chips)
e5796bc7: posts small blind $0.1
c94cd9ff: posts big blind $0.25
*** HOLE CARDS ***
Dealt to e08b812a 
Dealt to e5796bc7 
Dealt to c94cd9ff 
Dealt to bd21d4de 
Dealt to 54eec4a4 
Dealt to Hero [8h 2c]
bd21d4de: raises $0.38 to $0.63
54eec4a4: folds
Hero: folds
e08b812a: folds
e5796bc7: folds
c94cd9ff: folds
Uncalled bet ($0.38) returned to bd21d4de
*** SHOWDOWN ***
bd21d4de collected $0.6 from pot
*** SUMMARY ***
Total pot $0.6
Seat 1: e08b812a (button) folded before Flop (didn't bet)
Seat 2: e5796bc7 (small blind) folded before Flop
Seat 3: c94cd9ff (big blind) folded before Flop
Seat 4: bd21d4de collected ($0.6)
Seat 5: 54eec4a4 folded before Flop (didn't bet)
Seat 6: Hero folded before Flop (didn't bet)


Poker Hand #RC94542446: Hold'em No Limit ($0.1/$0.25) - 2020/04/06 13:36:29
Table 'RushAndCash283445' 6-max Seat #1 is the button
Seat 1: 54eec4a4 ($26.72 in chips)
Seat 2: 973e824 ($45.95 in chips)
Seat 3: 763ed62e ($54.33 in chips)
Seat 4: Hero ($61.63 in chips)
Seat 5: 5b49a0a ($32.14 in chips)
Seat 6: f48db0a1 ($31.97 in chips)
973e824: posts small blind $0.1
763ed62e: posts big blind $0.25
*** HOLE CARDS ***
Dealt to 54eec4a4 
Dealt to 973e824 
Dealt to 763ed62e 
Dealt to Hero [Tc 6s]
Dealt to 5b49a0a 
Dealt to f48db0a1 
Hero: folds
5b49a0a: raises $0.38 to $0.63
f48db0a1: folds
54eec4a4: folds
973e824: folds
763ed62e: folds
Uncalled bet ($0.38) returned to 5b49a0a
*** SHOWDOWN ***
5b49a0a collected $0.6 from pot
*** SUMMARY ***
Total pot $0.6
Seat 1: 54eec4a4 (button) folded before Flop (didn't bet)
Seat 2: 973e824 (small blind) folded before Flop
Seat 3: 763ed62e (big blind) folded before Flop
Seat 4: Hero folded before Flop (didn't bet)
Seat 5: 5b49a0a collected ($0.6)
Seat 6: f48db0a1 folded before Flop (didn't bet)


Poker Hand #RC94542493: Hold'em No Limit ($0.1/$0.25) - 2020/04/06 13:36:36
Table 'RushAndCash283450' 6-max Seat #1 is the button
Seat 1: 2330649f ($61.1 in chips)
Seat 2: 1ab4a8f9 ($50.93 in chips)
Seat 3: bd21d4de ($25.35 in chips)
Seat 4: 9e9f192c ($25.45 in chips)
Seat 5: Hero ($61.63 in chips)
Seat 6: 7c703a7d ($25.71 in chips)
1ab4a8f9: posts small blind $0.1
bd21d4de: posts big blind $0.25
*** HOLE CARDS ***
Dealt to 2330649f 
Dealt to 1ab4a8f9 
Dealt to bd21d4de 
Dealt to 9e9f192c 
Dealt to Hero [8c 6s]
Dealt to 7c703a7d 
9e9f192c: folds
Hero: folds
7c703a7d: folds
2330649f: folds
1ab4a8f9: folds
Uncalled bet ($0.15) returned to bd21d4de
*** SHOWDOWN ***
bd21d4de collected $0.2 from pot
*** SUMMARY ***
Total pot $0.2
Seat 1: 2330649f (button) folded before Flop (didn't bet)
Seat 2: 1ab4a8f9 (small blind) folded before Flop
Seat 3: bd21d4de (big blind) collected ($0.2)
Seat 4: 9e9f192c folded before Flop (didn't bet)
Seat 5: Hero folded before Flop (didn't bet)
Seat 6: 7c703a7d folded before Flop (didn't bet)


Poker Hand #RC94542526: Hold'em No Limit ($0.1/$0.25) - 2020/04/06 13:36:41
Table 'RushAndCash283454' 6-max Seat #1 is the button
Seat 1: 19e0bdce ($13.63 in chips)
Seat 2: f48db0a1 ($31.97 in chips)
Seat 3: 1ab4a8f9 ($50.83 in chips)
Seat 4: e08b812a ($26.98 in chips)
Seat 5: Hero ($61.63 in chips)
Seat 6: 2d9ec94f ($25 in chips)
f48db0a1: posts small blind $0.1
1ab4a8f9: posts big blind $0.25
*** HOLE CARDS ***
Dealt to 19e0bdce 
Dealt to f48db0a1 
Dealt to 1ab4a8f9 
Dealt to e08b812a 
Dealt to Hero [Td 7c]
Dealt to 2d9ec94f 
e08b812a: folds
Hero: folds
2d9ec94f: folds
19e0bdce: folds
f48db0a1: folds
Uncalled bet ($0.15) returned to 1ab4a8f9
*** SHOWDOWN ***
1ab4a8f9 collected $0.2 from pot
*** SUMMARY ***
Total pot $0.2
Seat 1: 19e0bdce (button) folded before Flop (didn't bet)
Seat 2: f48db0a1 (small blind) folded before Flop
Seat 3: 1ab4a8f9 (big blind) collected ($0.2)
Seat 4: e08b812a folded before Flop (didn't bet)
Seat 5: Hero folded before Flop (didn't bet)
Seat 6: 2d9ec94f folded before Flop (didn't bet)


Poker Hand #RC94542566: Hold'em No Limit ($0.1/$0.25) - 2020/04/06 13:36:47
Table 'RushAndCash283460' 6-max Seat #1 is the button
Seat 1: 2d9ec94f ($25 in chips)
Seat 2: 9a91b176 ($16.59 in chips)
Seat 3: Hero ($61.63 in chips)
Seat 4: 85c29634 ($16.81 in chips)
Seat 5: 23e9f432 ($25.7 in chips)
Seat 6: bd54f13c ($66.8 in chips)
9a91b176: posts small blind $0.1
Hero: posts big blind $0.25
*** HOLE CARDS ***
Dealt to 2d9ec94f 
Dealt to 9a91b176 
Dealt to Hero [Qc 3d]
Dealt to 85c29634 
Dealt to 23e9f432 
Dealt to bd54f13c 
85c29634: folds
23e9f432: folds
bd54f13c: folds
2d9ec94f: folds
9a91b176: raises $0.5 to $0.75
Hero: folds
Uncalled bet ($0.5) returned to 9a91b176
*** SHOWDOWN ***
9a91b176 collected $0.5 from pot
*** SUMMARY ***
Total pot $0.5
Seat 1: 2d9ec94f (button) folded before Flop (didn't bet)
Seat 2: 9a91b176 (small blind) collected ($0.5)
Seat 3: Hero (big blind) folded before Flop
Seat 4: 85c29634 folded before Flop (didn't bet)
Seat 5: 23e9f432 folded before Flop (didn't bet)
Seat 6: bd54f13c folded before Flop (didn't bet)


Poker Hand #RC94542611: Hold'em No Limit ($0.1/$0.25) - 2020/04/06 13:36:54
Table 'RushAndCash283467' 6-max Seat #1 is the button
Seat 1: 927e5b51 ($25.7 in chips)
Seat 2: Hero ($61.38 in chips)
Seat 3: 9e9f192c ($25.35 in chips)
Seat 4: bd54f13c ($66.8 in chips)
Seat 5: ca26e448 ($29.22 in chips)
Seat 6: a8a7d3f4 ($25 in chips)
Hero: posts small blind $0.1
9e9f192c: posts big blind $0.25
*** HOLE CARDS ***
Dealt to 927e5b51 
Dealt to Hero [Tc 6d]
Dealt to 9e9f192c 
Dealt to bd54f13c 
Dealt to ca26e448 
Dealt to a8a7d3f4 
bd54f13c: folds
ca26e448: folds
a8a7d3f4: folds
927e5b51: folds
Hero: folds
Uncalled bet ($0.15) returned to 9e9f192c
*** SHOWDOWN ***
9e9f192c collected $0.2 from pot
*** SUMMARY ***
Total pot $0.2
Seat 1: 927e5b51 (button) folded before Flop (didn't bet)
Seat 2: Hero (small blind) folded before Flop
Seat 3: 9e9f192c (big blind) collected ($0.2)
Seat 4: bd54f13c folded before Flop (didn't bet)
Seat 5: ca26e448 folded before Flop (didn't bet)
Seat 6: a8a7d3f4 folded before Flop (didn't bet)


Poker Hand #RC94542635: Hold'em No Limit ($0.1/$0.25) - 2020/04/06 13:36:57
Table 'RushAndCash283470' 6-max Seat #1 is the button
Seat 1: Hero ($61.28 in chips)
Seat 2: bd8d6191 ($31.21 in chips)
Seat 3: 7ba0020c ($30.49 in chips)
Seat 4: 7eef1489 ($26.83 in chips)
Seat 5: b18b9bc1 ($37.22 in chips)
Seat 6: 1eb35157 ($45.2 in chips)
bd8d6191: posts small blind $0.1
7ba0020c: posts big blind $0.25
*** HOLE CARDS ***
Dealt to Hero [6d 5c]
Dealt to bd8d6191 
Dealt to 7ba0020c 
Dealt to 7eef1489 
Dealt to b18b9bc1 
Dealt to 1eb35157 
7eef1489: folds
b18b9bc1: raises $0.38 to $0.63
1eb35157: folds
Hero: folds
bd8d6191: folds
7ba0020c: raises $1.37 to $2
b18b9bc1: raises $3.1 to $5.1
7ba0020c: calls $3.1
*** FLOP *** [8s As 2c]
7ba0020c: checks
b18b9bc1: checks
*** TURN *** [8s As 2c] [Qc]
7ba0020c: bets $3.25
b18b9bc1: calls $3.25
*** RIVER *** [8s As 2c Qc] [Th]
7ba0020c: checks
b18b9bc1: checks
7ba0020c: shows [Jd Ah] (Pair of Aces)
b18b9bc1: shows [Kd Kc] (Pair of Kings)
*** SHOWDOWN ***
7ba0020c collected $16.8 from pot
*** SUMMARY ***
Total pot $16.8
Board [8s As 2c Qc Th]
Seat 1: Hero (button) folded before Flop (didn't bet)
Seat 2: bd8d6191 (small blind) folded before Flop
Seat 3: 7ba0020c (big blind) showed [Ah Jd] and won ($16.8) with Pair of Aces
Seat 4: 7eef1489 folded before Flop (didn't bet)
Seat 5: b18b9bc1 showed [Kd Kc] and lost with Pair of Kings
Seat 6: 1eb35157 folded before Flop (didn't bet)


Poker Hand #RC94542660: Hold'em No Limit ($0.1/$0.25) - 2020/04/06 13:37:01
Table 'RushAndCash283474' 6-max Seat #1 is the button
Seat 1: Hero ($61.28 in chips)
Seat 2: 1eb35157 ($45.2 in chips)
Seat 3: 139e6b8 ($38.3 in chips)
Seat 4: 85c29634 ($16.81 in chips)
Seat 5: bd8d6191 ($31.11 in chips)
Seat 6: 7982d090 ($68.81 in chips)
1eb35157: posts small blind $0.1
139e6b8: posts big blind $0.25
*** HOLE CARDS ***
Dealt to Hero [As 9d]
Dealt to 1eb35157 
Dealt to 139e6b8 
Dealt to 85c29634 
Dealt to bd8d6191 
Dealt to 7982d090 
85c29634: folds
bd8d6191: folds
7982d090: folds
Hero: folds
1eb35157: folds
Uncalled bet ($0.15) returned to 139e6b8
*** SHOWDOWN ***
139e6b8 collected $0.2 from pot
*** SUMMARY ***
Total pot $0.2
Seat 1: Hero (button) folded before Flop (didn't bet)
Seat 2: 1eb35157 (small blind) folded before Flop
Seat 3: 139e6b8 (big blind) collected ($0.2)
Seat 4: 85c29634 folded before Flop (didn't bet)
Seat 5: bd8d6191 folded before Flop (didn't bet)
Seat 6: 7982d090 folded before Flop (didn't bet)


Poker Hand #RC94542689: Hold'em No Limit ($0.1/$0.25) - 2020/04/06 13:37:05
Table 'RushAndCash283477' 6-max Seat #1 is the button
Seat 1: e85e006 ($35.87 in chips)
Seat 2: 85c29634 ($16.81 in chips)
Seat 3: 1a4d4011 ($25 in chips)
Seat 4: 2d9ec94f ($25 in chips)
Seat 5: Hero ($61.28 in chips)
Seat 6: 54eec4a4 ($26.62 in chips)
85c29634: posts small blind $0.1
1a4d4011: posts big blind $0.25
*** HOLE CARDS ***
Dealt to e85e006 
Dealt to 85c29634 
Dealt to 1a4d4011 
Dealt to 2d9ec94f 
Dealt to Hero [Qh 3d]
Dealt to 54eec4a4 
2d9ec94f: folds
Hero: folds
54eec4a4: folds
e85e006: folds
85c29634: raises $0.25 to $0.5
1a4d4011: calls $0.25
*** FLOP *** [Jd Qc Kd]
85c29634: bets $0.5
1a4d4011: folds
Uncalled bet ($0.5) returned to 85c29634
*** SHOWDOWN ***
85c29634 collected $1 from pot
*** SUMMARY ***
Total pot $1
Board [Jd Qc Kd]
Seat 1: e85e006 (button) folded before Flop (didn't bet)
Seat 2: 85c29634 (small blind) won ($1)
Seat 3: 1a4d4011 (big blind) folded on the Flop
Seat 4: 2d9ec94f folded before Flop (didn't bet)
Seat 5: Hero folded before Flop (didn't bet)
Seat 6: 54eec4a4 folded before Flop (didn't bet)


Poker Hand #RC94542730: Hold'em No Limit ($0.1/$0.25) - 2020/04/06 13:37:11
Table 'RushAndCash283482' 6-max Seat #1 is the button
Seat 1: dbc53e1f ($14.22 in chips)
Seat 2: ca26e448 ($29.22 in chips)
Seat 3: bd54f13c ($66.8 in chips)
Seat 4: 763ed62e ($54.33 in chips)
Seat 5: c5a40f ($25.46 in chips)
Seat 6: Hero ($61.28 in chips)
ca26e448: posts small blind $0.1
bd54f13c: posts big blind $0.25
*** HOLE CARDS ***
Dealt to dbc53e1f 
Dealt to ca26e448 
Dealt to bd54f13c 
Dealt to 763ed62e 
Dealt to c5a40f 
Dealt to Hero [Qc Jc]
763ed62e: folds
c5a40f: folds
Hero: raises $0.38 to $0.63
dbc53e1f: folds
ca26e448: folds
bd54f13c: folds
Uncalled bet ($0.38) returned to Hero
*** SHOWDOWN ***
Hero collected $0.6 from pot
*** SUMMARY ***
Total pot $0.6
Seat 1: dbc53e1f (button) folded before Flop (didn't bet)
Seat 2: ca26e448 (small blind) folded before Flop
Seat 3: bd54f13c (big blind) folded before Flop
Seat 4: 763ed62e folded before Flop (didn't bet)
Seat 5: c5a40f folded before Flop (didn't bet)
Seat 6: Hero collected ($0.6)


Poker Hand #RC94542836: Hold'em No Limit ($0.1/$0.25) - 2020/04/06 13:37:27
Table 'RushAndCash283493' 6-max Seat #1 is the button
Seat 1: c8605a11 ($32.21 in chips)
Seat 2: 95139f48 ($43.23 in chips)
Seat 3: Hero ($61.63 in chips)
Seat 4: 1655ea84 ($12.89 in chips)
Seat 5: 2d9ec94f ($25.1 in chips)
Seat 6: 10fa44aa ($28.23 in chips)
95139f48: posts small blind $0.1
Hero: posts big blind $0.25
*** HOLE CARDS ***
Dealt to c8605a11 
Dealt to 95139f48 
Dealt to Hero [Js Td]
Dealt to 1655ea84 
Dealt to 2d9ec94f 
Dealt to 10fa44aa 
1655ea84: raises $0.64 to $0.89
2d9ec94f: folds
10fa44aa: folds
c8605a11: folds
95139f48: folds
Hero: folds
Uncalled bet ($0.64) returned to 1655ea84
*** SHOWDOWN ***
1655ea84 collected $0.6 from pot
*** SUMMARY ***
Total pot $0.6
Seat 1: c8605a11 (button) folded before Flop (didn't bet)
Seat 2: 95139f48 (small blind) folded before Flop
Seat 3: Hero (big blind) folded before Flop
Seat 4: 1655ea84 collected ($0.6)
Seat 5: 2d9ec94f folded before Flop (didn't bet)
Seat 6: 10fa44aa folded before Flop (didn't bet)


Poker Hand #RC94542931: Hold'em No Limit ($0.1/$0.25) - 2020/04/06 13:37:42
Table 'RushAndCash283505' 6-max Seat #1 is the button
Seat 1: 1a4d4011 ($24.4 in chips)
Seat 2: Hero ($61.38 in chips)
Seat 3: d5e75ec5 ($30.08 in chips)
Seat 4: c8605a11 ($31.96 in chips)
Seat 5: ca8a5107 ($25 in chips)
Seat 6: e88ccac2 ($9.11 in chips)
Hero: posts small blind $0.1
d5e75ec5: posts big blind $0.25
*** HOLE CARDS ***
Dealt to 1a4d4011 
Dealt to Hero [Td 8c]
Dealt to d5e75ec5 
Dealt to c8605a11 
Dealt to ca8a5107 
Dealt to e88ccac2 
c8605a11: raises $0.38 to $0.63
ca8a5107: folds
e88ccac2: folds
1a4d4011: folds
Hero: folds
d5e75ec5: folds
Uncalled bet ($0.38) returned to c8605a11
*** SHOWDOWN ***
c8605a11 collected $0.6 from pot
*** SUMMARY ***
Total pot $0.6
Seat 1: 1a4d4011 (button) folded before Flop (didn't bet)
Seat 2: Hero (small blind) folded before Flop
Seat 3: d5e75ec5 (big blind) folded before Flop
Seat 4: c8605a11 collected ($0.6)
Seat 5: ca8a5107 folded before Flop (didn't bet)
Seat 6: e88ccac2 folded before Flop (didn't bet)


Poker Hand #RC94542986: Hold'em No Limit ($0.1/$0.25) - 2020/04/06 13:37:50
Table 'RushAndCash283512' 6-max Seat #1 is the button
Seat 1: 139e6b8 ($38.4 in chips)
Seat 2: 339d19f5 ($41.55 in chips)
Seat 3: 1ba60397 ($17.22 in chips)
Seat 4: Hero ($61.28 in chips)
Seat 5: eecbc523 ($29.58 in chips)
Seat 6: ca8a5107 ($25 in chips)
339d19f5: posts small blind $0.1
1ba60397: posts big blind $0.25
*** HOLE CARDS ***
Dealt to 139e6b8 
Dealt to 339d19f5 
Dealt to 1ba60397 
Dealt to Hero [Th 6c]
Dealt to eecbc523 
Dealt to ca8a5107 
Hero: folds
eecbc523: folds
ca8a5107: folds
139e6b8: folds
339d19f5: raises $0.25 to $0.5
1ba60397: folds
Uncalled bet ($0.25) returned to 339d19f5
*** SHOWDOWN ***
339d19f5 collected $0.5 from pot
*** SUMMARY ***
Total pot $0.5
Seat 1: 139e6b8 (button) folded before Flop (didn't bet)
Seat 2: 339d19f5 (small blind) collected ($0.5)
Seat 3: 1ba60397 (big blind) folded before Flop
Seat 4: Hero folded before Flop (didn't bet)
Seat 5: eecbc523 folded before Flop (didn't bet)
Seat 6: ca8a5107 folded before Flop (didn't bet)


Poker Hand #RC94543007: Hold'em No Limit ($0.1/$0.25) - 2020/04/06 13:37:54
Table 'RushAndCash283515' 6-max Seat #1 is the button
Seat 1: d5e75ec5 ($29.83 in chips)
Seat 2: 2d9ec94f ($25.1 in chips)
Seat 3: 9830b702 ($28.51 in chips)
Seat 4: Hero ($61.28 in chips)
Seat 5: d48fc9ab ($76.49 in chips)
Seat 6: dbc53e1f ($14.22 in chips)
2d9ec94f: posts small blind $0.1
9830b702: posts big blind $0.25
*** HOLE CARDS ***
Dealt to d5e75ec5 
Dealt to 2d9ec94f 
Dealt to 9830b702 
Dealt to Hero [8h 6d]
Dealt to d48fc9ab 
Dealt to dbc53e1f 
Hero: folds
d48fc9ab: raises $0.38 to $0.63
dbc53e1f: raises $0.87 to $1.5
d5e75ec5: folds
2d9ec94f: folds
9830b702: folds
d48fc9ab: raises $2.55 to $4.05
dbc53e1f: calls $2.55
*** FLOP *** [3s 5s Td]
d48fc9ab: bets $2.8
dbc53e1f: calls $2.8
*** TURN *** [3s 5s Td] [2d]
d48fc9ab: bets $10.6
dbc53e1f: calls $7.37 and is all-in
Uncalled bet ($3.23) returned to d48fc9ab
d48fc9ab: shows [As Ad] (Pair of Aces)
dbc53e1f: shows [5c Ac] (Pair of Fives)
*** FIRST RIVER *** [3s 5s Td 2d] [Qc]
*** SECOND RIVER *** [3s 5s Td 2d] [3d]
*** FIRST SHOWDOWN ***
d48fc9ab collected $14.39 from pot
*** SECOND SHOWDOWN ***
d48fc9ab collected $14.39 from pot
*** SUMMARY ***
Total pot $28.79
Hand was run two times
FIRST Board [3s 5s Td 2d Qc]
SECOND Board [3s 5s Td 2d 3d]
Seat 1: d5e75ec5 (button) folded before Flop (didn't bet)
Seat 2: 2d9ec94f (small blind) folded before Flop
Seat 3: 9830b702 (big blind) folded before Flop
Seat 4: Hero folded before Flop (didn't bet)
Seat 5: d48fc9ab showed [As Ad] and won ($14.39) with Pair of Aces, and won ($14.39) with Pair of Aces and Pair of Treys
Seat 6: dbc53e1f showed [Ac 5c] and lost with Pair of Fives, and lost with Pair of Fives and Pair of Treys


Poker Hand #RC94543095: Hold'em No Limit ($0.1/$0.25) - 2020/04/06 13:38:08
Table 'RushAndCash283526' 6-max Seat #1 is the button
Seat 1: Hero ($61.28 in chips)
Seat 2: ca8a5107 ($25 in chips)
Seat 3: e6cac6dd ($14.87 in chips)
Seat 4: 798b8164 ($37.43 in chips)
Seat 5: d5e75ec5 ($29.73 in chips)
Seat 6: a3220464 ($77.53 in chips)
ca8a5107: posts small blind $0.1
e6cac6dd: posts big blind $0.25
*** HOLE CARDS ***
Dealt to Hero [7s 4d]
Dealt to ca8a5107 
Dealt to e6cac6dd 
Dealt to 798b8164 
Dealt to d5e75ec5 
Dealt to a3220464 
798b8164: raises $0.5 to $0.75
d5e75ec5: folds
a3220464: folds
Hero: folds
ca8a5107: raises $2 to $2.75
e6cac6dd: calls $2.5
798b8164: calls $2
*** FLOP *** [5d Qs Qh]
ca8a5107: checks
e6cac6dd: bets $4.2
798b8164: folds
ca8a5107: folds
Uncalled bet ($4.2) returned to e6cac6dd
*** SHOWDOWN ***
e6cac6dd collected $8.25 from pot
*** SUMMARY ***
Total pot $8.25
Board [5d Qs Qh]
Seat 1: Hero (button) folded before Flop (didn't bet)
Seat 2: ca8a5107 (small blind) folded on the Flop
Seat 3: e6cac6dd (big blind) won ($8.25)
Seat 4: 798b8164 folded on the Flop
Seat 5: d5e75ec5 folded before Flop (didn't bet)
Seat 6: a3220464 folded before Flop (didn't bet)


Poker Hand #RC94543114: Hold'em No Limit ($0.1/$0.25) - 2020/04/06 13:38:12
Table 'RushAndCash283528' 6-max Seat #1 is the button
Seat 1: 139e6b8 ($38.3 in chips)
Seat 2: 72b3aa9c ($42.61 in chips)
Seat 3: Hero ($61.28 in chips)
Seat 4: eecbc523 ($29.48 in chips)
Seat 5: e88ccac2 ($9.21 in chips)
Seat 6: bd54f13c ($66.2 in chips)
72b3aa9c: posts small blind $0.1
Hero: posts big blind $0.25
*** HOLE CARDS ***
Dealt to 139e6b8 
Dealt to 72b3aa9c 
Dealt to Hero [Qc 9h]
Dealt to eecbc523 
Dealt to e88ccac2 
Dealt to bd54f13c 
eecbc523: folds
e88ccac2: folds
bd54f13c: folds
139e6b8: raises $0.38 to $0.63
72b3aa9c: folds
Hero: folds
Uncalled bet ($0.38) returned to 139e6b8
*** SHOWDOWN ***
139e6b8 collected $0.6 from pot
*** SUMMARY ***
Total pot $0.6
Seat 1: 139e6b8 (button) collected ($0.6)
Seat 2: 72b3aa9c (small blind) folded before Flop
Seat 3: Hero (big blind) folded before Flop
Seat 4: eecbc523 folded before Flop (didn't bet)
Seat 5: e88ccac2 folded before Flop (didn't bet)
Seat 6: bd54f13c folded before Flop (didn't bet)


Poker Hand #RC94543145: Hold'em No Limit ($0.1/$0.25) - 2020/04/06 13:38:16
Table 'RushAndCash283531' 6-max Seat #1 is the button
Seat 1: 3c5d6b5d ($14.36 in chips)
Seat 2: Hero ($61.03 in chips)
Seat 3: e5796bc7 ($34.72 in chips)
Seat 4: bd54f13c ($66.2 in chips)
Seat 5: e88ccac2 ($9.21 in chips)
Seat 6: 92781347 ($79.65 in chips)
Hero: posts small blind $0.1
e5796bc7: posts big blind $0.25
*** HOLE CARDS ***
Dealt to 3c5d6b5d 
Dealt to Hero [9h 3s]
Dealt to e5796bc7 
Dealt to bd54f13c 
Dealt to e88ccac2 
Dealt to 92781347 
bd54f13c: folds
e88ccac2: folds
92781347: folds
3c5d6b5d: folds
Hero: folds
Uncalled bet ($0.15) returned to e5796bc7
*** SHOWDOWN ***
e5796bc7 collected $0.2 from pot
*** SUMMARY ***
Total pot $0.2
Seat 1: 3c5d6b5d (button) folded before Flop (didn't bet)
Seat 2: Hero (small blind) folded before Flop
Seat 3: e5796bc7 (big blind) collected ($0.2)
Seat 4: bd54f13c folded before Flop (didn't bet)
Seat 5: e88ccac2 folded before Flop (didn't bet)
Seat 6: 92781347 folded before Flop (didn't bet)


Poker Hand #RC94543232: Hold'em No Limit ($0.1/$0.25) - 2020/04/06 13:38:29
Table 'RushAndCash283543' 6-max Seat #1 is the button
Seat 1: 2330649f ($61.4 in chips)
Seat 2: edb0b1b3 ($28.82 in chips)
Seat 3: e08b812a ($25.35 in chips)
Seat 4: Hero ($60.93 in chips)
Seat 5: 54eec4a4 ($27.76 in chips)
Seat 6: 1eb35157 ($45.1 in chips)
edb0b1b3: posts small blind $0.1
e08b812a: posts big blind $0.25
*** HOLE CARDS ***
Dealt to 2330649f 
Dealt to edb0b1b3 
Dealt to e08b812a 
Dealt to Hero [Qd Th]
Dealt to 54eec4a4 
Dealt to 1eb35157 
Hero: folds
54eec4a4: folds
1eb35157: folds
2330649f: folds
edb0b1b3: raises $0.5 to $0.75
e08b812a: folds
Uncalled bet ($0.5) returned to edb0b1b3
*** SHOWDOWN ***
edb0b1b3 collected $0.5 from pot
*** SUMMARY ***
Total pot $0.5
Seat 1: 2330649f (button) folded before Flop (didn't bet)
Seat 2: edb0b1b3 (small blind) collected ($0.5)
Seat 3: e08b812a (big blind) folded before Flop
Seat 4: Hero folded before Flop (didn't bet)
Seat 5: 54eec4a4 folded before Flop (didn't bet)
Seat 6: 1eb35157 folded before Flop (didn't bet)


Poker Hand #RC94543261: Hold'em No Limit ($0.1/$0.25) - 2020/04/06 13:38:33
Table 'RushAndCash283547' 6-max Seat #1 is the button
Seat 1: b770aeb ($30.03 in chips)
Seat 2: 3b10d701 ($27.4 in chips)
Seat 3: 2330649f ($61.4 in chips)
Seat 4: 92781347 ($79.55 in chips)
Seat 5: Hero ($60.93 in chips)
Seat 6: 54eec4a4 ($27.76 in chips)
3b10d701: posts small blind $0.1
2330649f: posts big blind $0.25
*** HOLE CARDS ***
Dealt to b770aeb 
Dealt to 3b10d701 
Dealt to 2330649f 
Dealt to 92781347 
Dealt to Hero [Ks 9d]
Dealt to 54eec4a4 
92781347: folds
Hero: folds
54eec4a4: folds
b770aeb: folds
3b10d701: folds
Uncalled bet ($0.15) returned to 2330649f
*** SHOWDOWN ***
2330649f collected $0.2 from pot
*** SUMMARY ***
Total pot $0.2
Seat 1: b770aeb (button) folded before Flop (didn't bet)
Seat 2: 3b10d701 (small blind) folded before Flop
Seat 3: 2330649f (big blind) collected ($0.2)
Seat 4: 92781347 folded before Flop (didn't bet)
Seat 5: Hero folded before Flop (didn't bet)
Seat 6: 54eec4a4 folded before Flop (didn't bet)


Poker Hand #RC94543279: Hold'em No Limit ($0.1/$0.25) - 2020/04/06 13:38:36
Table 'RushAndCash283550' 6-max Seat #1 is the button
Seat 1: b18b9bc1 ($28.87 in chips)
Seat 2: 1eb35157 ($45.1 in chips)
Seat 3: bd21d4de ($25.35 in chips)
Seat 4: Hero ($60.93 in chips)
Seat 5: 7ba0020c ($37.74 in chips)
Seat 6: 663f1e0b ($28.05 in chips)
1eb35157: posts small blind $0.1
bd21d4de: posts big blind $0.25
*** HOLE CARDS ***
Dealt to b18b9bc1 
Dealt to 1eb35157 
Dealt to bd21d4de 
Dealt to Hero [Ks 5d]
Dealt to 7ba0020c 
Dealt to 663f1e0b 
Hero: folds
7ba0020c: folds
663f1e0b: raises $0.5 to $0.75
b18b9bc1: folds
1eb35157: folds
bd21d4de: calls $0.5
*** FLOP *** [8c 9c Ah]
bd21d4de: checks
663f1e0b: bets $1.1
bd21d4de: folds
Uncalled bet ($1.1) returned to 663f1e0b
*** SHOWDOWN ***
663f1e0b collected $1.6 from pot
*** SUMMARY ***
Total pot $1.6
Board [8c 9c Ah]
Seat 1: b18b9bc1 (button) folded before Flop (didn't bet)
Seat 2: 1eb35157 (small blind) folded before Flop
Seat 3: bd21d4de (big blind) folded on the Flop
Seat 4: Hero folded before Flop (didn't bet)
Seat 5: 7ba0020c folded before Flop (didn't bet)
Seat 6: 663f1e0b won ($1.6)


Poker Hand #RC94543305: Hold'em No Limit ($0.1/$0.25) - 2020/04/06 13:38:40
Table 'RushAndCash283553' 6-max Seat #1 is the button
Seat 1: 7ba0020c ($37.74 in chips)
Seat 2: b770aeb ($30.03 in chips)
Seat 3: b18b9bc1 ($28.87 in chips)
Seat 4: Hero ($60.93 in chips)
Seat 5: 99221c6c ($29.98 in chips)
Seat 6: e88ccac2 ($9.56 in chips)
b770aeb: posts small blind $0.1
b18b9bc1: posts big blind $0.25
*** HOLE CARDS ***
Dealt to 7ba0020c 
Dealt to b770aeb 
Dealt to b18b9bc1 
Dealt to Hero [Js 5d]
Dealt to 99221c6c 
Dealt to e88ccac2 
Hero: folds
99221c6c: raises $0.38 to $0.63
e88ccac2: folds
7ba0020c: folds
b770aeb: folds
b18b9bc1: folds
Uncalled bet ($0.38) returned to 99221c6c
*** SHOWDOWN ***
99221c6c collected $0.6 from pot
*** SUMMARY ***
Total pot $0.6
Seat 1: 7ba0020c (button) folded before Flop (didn't bet)
Seat 2: b770aeb (small blind) folded before Flop
Seat 3: b18b9bc1 (big blind) folded before Flop
Seat 4: Hero folded before Flop (didn't bet)
Seat 5: 99221c6c collected ($0.6)
Seat 6: e88ccac2 folded before Flop (didn't bet)


Poker Hand #RC94543333: Hold'em No Limit ($0.1/$0.25) - 2020/04/06 13:38:45
Table 'RushAndCash283556' 6-max Seat #1 is the button
Seat 1: Hero ($60.93 in chips)
Seat 2: 54eec4a4 ($27.51 in chips)
Seat 3: c8605a11 ($32.91 in chips)
Seat 4: 339d19f5 ($41.9 in chips)
Seat 5: 9e9f192c ($25 in chips)
Seat 6: 67fd743c ($48.83 in chips)
54eec4a4: posts small blind $0.1
c8605a11: posts big blind $0.25
*** HOLE CARDS ***
Dealt to Hero [6h 6d]
Dealt to 54eec4a4 
Dealt to c8605a11 
Dealt to 339d19f5 
Dealt to 9e9f192c 
Dealt to 67fd743c 
339d19f5: raises $0.38 to $0.63
9e9f192c: folds
67fd743c: folds
Hero: calls $0.63
54eec4a4: folds
c8605a11: raises $2.78 to $3.41
339d19f5: folds
Hero: folds
Uncalled bet ($2.78) returned to c8605a11
*** SHOWDOWN ***
c8605a11 collected $1.99 from pot
*** SUMMARY ***
Total pot $1.99
Seat 1: Hero (button) folded before Flop
Seat 2: 54eec4a4 (small blind) folded before Flop
Seat 3: c8605a11 (big blind) collected ($1.99)
Seat 4: 339d19f5 folded before Flop
Seat 5: 9e9f192c folded before Flop (didn't bet)
Seat 6: 67fd743c folded before Flop (didn't bet)


